2519 3077
132 3023 188 3064 Q.
195 3021 198 3027 .

782 587 1784 689 QUAESETIONES'MJUIJLI'ANAE·
1841 581 1843 583 ’

618 689 751 774 ''A-D
809 732 941 775 IU'S'
994 728 1872 808 CIVILE¹S⁴PE0235ANTES

262 913 442 991 Iterum-
456 947 540 989 iam
571 960 626 986 acn
651 947 813 1002 saepius
843 948 906 997 est
936 946 1275 1001 animadversum,
1296 946 1674 1002 iurisprudentiam
1692 947 1926 1002 neglectam
1944 948 2078 991 iacere
2109 962 2132 988 a
2162 946 2262 1003 phi-

260 1017 428 1076 lologis,
478 1018 596 1074 qnod
636 1020 689 1059 e'o
718 1017 852 1074 magis
882 1017 1087 1070 miramur,
1138 1025 1222 1072 quo
1252 1017 1405 1065 arctior.
1432 1024 1494 1063 est
1524 1018 1755 1080 coniunctio
1785 1018 2011 1060 litterarum
2041 1017 2263 1073 humanio-

259 1109 354 1138 rum
384 1108 478 1136 cum
500 1094 716 1150 disciplina
745 1093 860 1145 iuris,-
899 1099 1025 1148 quam
1056 1094 1145 1148 quis
1175 1099 1236 1135 est
1262 1093 1319 1134 ad
1347 1102 1497 1141 mores,
1512 1094 1725 1148 vitamque
1755 1094 1906 1151 populi
1926 1095 2103 1136 Romani
2133 1100 2193 1135 et·
2207 1093 2264 1137 ad

261 1176 328 1212 tot
359 1173 545 1212 veterum
584 1170 843 1225 scriptorum·
862 1169 975 1210 locos
1005 1169 1310 1225 intellegendos
1340 1170 1413 1224 qui
1441 1182 1525 1217 non
1554 1170 1684 1211 modo
1718 1171 1859 1211 utilem
1888 1171 1962 1212 sed
1991 1184 2155 1226 prorsus
2186 1184 2260 1212 ne·-

263 1247 478 1289 cessariam
507 1245 697 1286 iudicet?
749 1245 883 1285 Pauci
916 1244 1034 1285 fuere
1069 1251 1124 1289 ot*
1141 1245 1371 1300 panciores>
1385 1243 1526 1286 adhuc
1546 1252 1671 1296 sunt,
1724 1246 1795 1300 qui
1826 1246 1937 1287 beati
1968 1245 2188 1288 Ruhnkeni
2218 1252 2261 1288 et

263 1320 411 1362 Beieri-
428 1321 554 1362 instar
581 1334 675 1361 eum
707 1325 895 1360 accurata
925 1320 1160 1375 linguarum
1187 1320 1517 1375 gramaticesque
1558 1320 1810 1375 coniungant
1849 1322 1943 1361 iuris
1984 1321 2264 1377 cognitionem

266 1402 310 1436 et
339 1397 521 1437 alterum
545 1410 598 1438 ex
627 1396 759 1436 altero
785 1396 1045 1450 locupletent
1075 1400 1200 1448 atque
1230 1395 1413 1450 plurumi
1439 1393 1757 1451 philologorum
1786 1397 1979 1451 ignorant
2009 1403 2074 1437 tot
2105 1402 2263 1437 tantos-

260 1485 344 1525 que
375 1484 629 1526 progressus,
669 1484 773 1524 quos
802 1470 902 1510 fecit
928 1469 1034 1509 haec
1064 1468 1251 1509 doctrina
1280 1474 1420 1509 nostro
1451 1470 1602 1509 seculo.
1664 1469 1783 1519 Quae
1813 1485 1875 1511 res
1906 1484 2001 1514 cum
2034 1470 2261 1511 vehemen-

257 1552 323 1588 ter
353 1559 421 1587 me
447 1546 658 1588 excitasset
683 1551 729 1586 ut
759 1559 931 1601 operam
963 1543 1106 1585 darem
1131 1543 1209 1585 iuri
1234 1543 1446 1595 Romano,
1482 1543 1649 1600 impulit
1680 1558 1747 1585 me
1777 1558 1893 1586 amor
1926 1536 2146 1598 Ciceronis,
2189 1545 2261 1601 qui

256 1636 351 1664 cum
380 1622 465 1663 iam
496 1621 569 1662 diu
599 1621 863 1676 egregiarum
893 1620 1089 1663 virtutum
1121 1632 1260 1666 caussa
1284 1633 1445 1661 summa
1474 1634 1500 1660 a
1529 1634 1598 1660 me
1625 1621 1756 1661 eultus
1798 1628 1903 1662 esset
1938 1623 2113 1678 pietate,
2155 1635 2258 1677 pro-

254 1703 350 1754 pter
380 1710 443 1738 res
472 1701 565 1738 cum
594 1696 681 1738 iure
703 1696 810 1737 civili
842 1695 1077 1738 coniunctas
1093 1695 1275 1736 Ictorum
1293 1695 1419 1736 libros
1437 1695 1676 1736 consulendi
1696 1697 1976 1736 necessitatem
1996 1697 2100 1737 mihi
2117 1697 2260 1753 impo-

255 1774 344 1815 suit.
406 1772 555 1823 Quid?
600 1772 747 1814 nonin
774 1771 887 1812 h'unc
906 1771 1064 1826 optime
1095 1770 1313 1825 quadrant,
1356 1783 1465 1825 qnae
1490 1770 1546 1811 de
1564 1770 1743 1812 Platone
1774 1771 1877 1812 d'mit
1892 1771 2260 1826 wyttenbachius:

253 1854 410 1890 tantam
453 1862 538 1889 esse
576 1848 618 1888 in
659 1861 710 1887 eo
753 1847 961 1889 bonorum
999 1846 1164 1902 copiam
1194 1851 1409 1900 tantasque
1436 1845 1594 1886 divitias
1624 1851 1670 1886 ut
1696 1847 1815 1888 variis
1840 1847 2018 1888 sufficiat
2044 1848 2257 1890 materiam

254 1924 397 1964 studiis
438 1929 481 1963 et
506 1921 780 1976 unnsquisque
808 1919 973 1960 dicendi
1004 1919 1177 1974 cupidus
1207 1918 1382 1971 habeat,
1437 1919 1556 1973 quod
1595 1933 1665 1979 ⁰¹,
1691 1934 1742 1961 eo
1773 1921 1924 1962 tollere
1953 1922 2082 1977 possit
2095 1953 2107 1973 ‚
2148 1937 2257 1977 quae

257 1999 429 2055 quidem
460 2011 587 2053 qnam
615 2012 713 2039 vera
741 1996 819 2039 sint
849 1995 972 2037 facile
994 1994 1163 2052 probari
1188 2000 1350 2051 potest,
1393 1994 1590 2050 equidem
1604 1995 1770 2051 reliquis
1792 1997 1945 2041 omissis
1965 1997 2019 2039 de
2050 1998 2136 2040 iure
2155 2013 2255 2041 eon-

259 2074 389 2114 tcndo
420 2073 479 2128 *).
540 2074 762 2113 Plurumae
791 2071 899 2111 enim
930 2071 1014 2110 eius
1045 2070 1276 2110 orationum
1302 2075 1345 2110 et
1364 2070 1531 2124 Topica
1561 2077 1605 2110 et
1635 2071 1730 2112 libri
1763 2073 1817 2112 de
1847 2074 2010 2127 legibus
2045 2080 2258 2115 versantur

253 2150 296 2190 in
325 2151 414 2191 iure
445 2138 551 2190 civili
582 2163 630 2189 ac
660 2148 843 2204 legibus,
885 2146 939 2187 de
971 2146 1118 2200 quibus
1147 2145 1373 2201 prudenter
1404 2152 1593 2190 accurate
1621 2147 1825 2189 subtiliter
1856 2149 1943 2202 agit
1975 2155 2017 2189 et
2038 2163 2253 2207 persaepe,

251 2224 349 2265 licet
375 2225 576 2267 librorum
607 2229 898 2279 argumentum
928 2221 985 2264 ad
1004 2221 1064 2263 ius
1095 2235 1180 2263 non
1208 2221 1412 2277 pertineat
1442 2221 1496 2278 (e.
1529 2236 1563 2262 c.
1584 2223 1625 2264 in
1654 2222 1767 2264 libris
1800 2222 1855 2264 de
1885 2228 2061 2276 oratore,
2104 2224 2158 2266 de
2185 2226 2253 2268 of-

251 2299 352 2341 ficiis
381 2299 503 2354 relL),
556 2314 582 2341 a
608 2299 729 2341 rebus
758 2298 987 2340 forensibus
1018 2297 1248 2339 orationem
1282 2296 1396 2338 ducit
1434 2302 1476 2338 et
1506 2297 1564 2339 ad
1605 2298 1686 2339 alia
1729 2298 1941 2350 transfert,
1992 2299 2050 2340 ita
2082 2305 2129 2341 ut
2154 2314 2253 2357 per—

251 2374 383 2416 multa
420 2374 516 2415 iuris
555 2375 693 2432 capita
728 2374 845 2417 nullo
888 2373 1101 2416 vetustatis
1140 2378 1407 2415 monumento
1448 2373 1592 2415 melius
1639 2387 1766 2429 quam
1793 2373 2001 2416 Ciceronis
2030 2376 2189 2432 scriptis
2219 2378 2252 2417 si

292 2508 324 2551 ⁸)
345 2505 418 2539 Non
448 2512 553 2541 tamen
583 2508 752 2541 defuerunt
775 2509 829 2550 qni
850 2507 928 2541 iuris
946 2509 1083 2551 palmam
1108 2507 1268 2550 eriperent
1284 2506 1400 2546 Tullio,
1433 2507 1474 2541 cf.
1494 2509 1667 2549 scriptores
1690 2519 1709 2540 a
1725 2510 1897 2543 Creuzero.
1916 2510 1955 2541 ad
1978 2509 2048 2541 libr.
2070 2508 2120 2542 de.
2146 2486 2248 2552 Lege.

332 2566 360 2604 1,
390 2566 423 2603 4,
468 2568 521 2604 13,
542 2577 573 2608 p.
595 2569 635 2599 31
658 2567 821 2606 laudatos,
862 2568 976 2607 quibus
1006 2566 1090 2599 addo
1110 2565 1287 2608 Schultingi
1317 2567 1369 2598 lib.
1391 2565 1431 2598 de
1460 2567 1704 2608 iurisprudentia
1724 2568 1896 2601 Ciceronis.
1937 2565 2077 2607 Fran-q.
2104 2569 2189 2600 1⁷02
2217 2572 2251 2600 et

335 2622 478 2655 Richteri
499 2623 539 2655 de
562 2623 717 2657 Cicerone
738 2624 816 2657 iuri·
840 2625 939 2657 civilis
960 2628 1044 2656 teste
1063 2634 1103 2656 ae
1121 2624 1294 2665 interprete
1316 2624 1478 2665 speciatim
1500 2624 1541 2656 de
1562 2625 1719 2657 Cicerone
1739 2626 1812 2658 icto.
1841 2625 1963 2659 'Vitelm
1999 2627 2093 2658 1⁷88.
2135 2624 2250 2658 Plure-

334 2680 472 2714 laudavit
493 2680 529 2712 C.
549 2680 590 2713 G.
611 2681 824 2720 Hauboldius,
857 2682 953 2715 instit.
974 2682 1034 2714 iur.
1060 2680 1154 2714 Rom.
1177 2681 1298 2716 lineam
1321 2681 1371 2714 ed.
1392 2682 1482 2715 Otto.
1505 2692 1537 2724 p.
1558 2683 1632 2721 148,
1662 2683 1734 2715 147.

1761 2727 1788 2783 1'
