2519 3077
1095 95 1426 138 -6—

255 217 329 258 dei
362 215 386 270 (
387 216 411 257 i.
449 230 483 257 e.
514 215 547 257 si
579 218 754 270 optumo
786 212 874 252 iure
905 210 1066 267 agimus
1096 209 1297 263 nobisque
1326 209 1567 262 persuasum
1597 210 1678 258 est,
1709 204 1827 247 litem
1869 216 1953 246 non
1985 221 2070 251 esse
2106 210 2262 268 ,perdi-

258 294 397 344 turos)
431 293 471 331 si
502 291 567 330 ad
597 288 808 336 iudicem,
841 299 976 340 quum
1006 286 1046 326 si
1072 286 1137 325 ad
1167 282 1382 324 arbitrum
1412 279 1606 323 mittitur.
1675 281 1791 338 Quia
1810 282 1936 322 illum
1954 279 2165 336 formula
2196 286 2262 326 in-

257 369 395 409 cludit
422 372 463 407 et
493 369 644 414 certos,
676 375 781 421 quos
812 375 898 402 non
928 360 1115 402 excedat
1145 358 1353 399 terminos
1378 357 1571 413 pom'w'f)
1610 356 1805 398 Actiones
1836 357 1964 412 igitur
2001 356 2128 397 stricti
2167 361 2261 402 iuris

255 444 371 484 fuere
408 441 581 490 iudicia,
622 431 773 494 quibus
814 434 1089 493 cognoscebat
1129 432 1253 474 iudex
1291 432 1490 489 praetoris
1531 431 1713 472 formula
1752 432 1929 473 inclusus
1973 438 2015 473 et
2054 431 2262 485 limitatus,

259 524 398 559 actore
429 523 586 557 certum
603 513 707 569 quid
733 513 817 554 sive
846 511 1060 566 pecuniam
1078 510 1162 551 sive
1191 523 1278 550 rem
1295 508 1543 564 postulante.
1604 507 1705 549 Eius
1735 514 1823 549 erat
1853 508 2095 559 decernere,
2120 514 2261 559 atrum

257 594 344 634 iure
376 592 630 647 experiretur
655 601 803 630 necne:
834 587 866 627 si
896 591 1006 625 recte
1038 593 1195 640 ageret,
1224 584 1349 625 iudex
1379 582 1600 625 addicebat
1629 597 1737 637 quae
1768 583 1939 625 deberet
1978 598 2091 641 reus,
2123 582 2182 623 sin
2213 596 2261 623 o-

258 668 399 710 mnino
431 666 580 708 falsum
612 671 683 706 aut
712 663 806 719 plus
836 666 1021 717 peteret,
1064 674 1190 718 quam
1232 660 1444 717 postulare
1484 663 1623 715 posset
1669 655 1740 715 (cf.
1785 658 1869 701 Cic.
1911 658 1966 700 de
2008 672 2066 700 or.
2105 658 2147 712 1,
2190 657 2261 711 36,

260 743 363 785 167.
427 743 517 784 Gai.
548 741 628 792 IV,
655 738 714 780 53
744 760 807 768 -—
832 736 906 778 6⁰.
971 736 1106 776 Plaut.
1140 737 1323 777 Mosteli.
1355 736 1437 786 111,
1487 735 1540 786 1,
1581 733 1671 775 12⁰
1701 731 1810 789 sqq.)
1854 735 2096 776 absolvebat
2131 748 2262 787 reum,

256 824 374 858 actor
415 818 522 857 enim
573 821 644 855 aut
687 813 855 854 omnino
896 812 992 851 vicit
1032 818 1102 852 aut
1145 825 1283 853 caussa
1321 811 1492 861 cecidit,
1535 809 1653 867 quod
1692 810 1909 864 perspicue
1950 810 2050 850 dicit
2086 809 2261 850 Tullius.

263 892 409 933 Verba
451 898 592 932 autem
642 889 836 944 simplex
876 894 918 928 et
958 886 1173 927 directum
1210 887 1465 944 significant,
1509 885 1712 926 actionem
1754 885 1952 926 contineri
1993 884 2262 940 obligatione,

261 982 369 1023 quae
400 967 457 1008 ad
486 978 611 1006 unam
641 970 802 1005 tantum
833 968 994 1018 partem
1025 962 1230 1015 pertineat
1260 963 1393 1003 altero
1425 961 1639 1016 obligante
1672 959 1802 1000 altero
1844 960 2057 1017 obligato,
2089 959 2162 1000 ubi
2191 972 2263 1000 ex-

259 1043 494 1100 ceptionem
526 1053 577 1082 ex
605 1040 695 1095 ipsa
726 1052 864 1079 caussa
895 1037 1146 1077 adversarius
1176 1050 1259 1077 non
1286 1042 1425 1093 potest
1455 1034 1669 1092 proferre,
1700 1035 1776 1075 sed
1814 1036 2057 1083 extrinsecus
2098 1033 2263 1074 arcessi-

256 1127 343 1161 tam
370 1125 416 1159 ut
447 1117 789 1172 compensationis
821 1115 994 1154 aliamve
1011 1143 1023 1164 ,
1071 1128 1178 1168 quae
1228 1121 1426 1168 tanquam
1468 1113 1590 1154 dolus
1645 1112 1776 1152 actori
1818 1112 2058 1164 obiiciatur,
2099 1111 2257 1152 afferre.

260 1196 407 1248 Neque
439 1193 626 1247 exceptio
658 1204 846 1232 concessa
877 1195 965 1231 erat
994 1197 1183 1244 tempore
1215 1191 1385 1244 antiquo
1431 1188 1735 1244 (Tigerstriim.
1781 1187 1808 1227 l.
1839 1188 1866 1228 l.
1908 1201 1959 1242 p.
1998 1187 2135 1241 112),
2175 1200 2259 1242 quo

257 1270 442 1324 aequitas
468 1267 652 1310 nondum
684 1265 834 1317 valuit,
865 1265 940 1306 sed
973 1264 1105 1309 verbis
1135 1266 1275 1313 omnia
1306 1265 1561 1306 constabant.
1625 1261 1965 1318 Circumscriptus
1995 1262 2122 1318 igitur
2162 1262 2264 1304 dolo

260 1351 374 1385 metu
403 1343 551 1384 fraude
577 1342 795 1382 tenebatur
825 1340 912 1381 iure
943 1340 1071 1391 civili,
1101 1341 1174 1380 nisi
1200 1347 1322 1381 antea
1352 1340 1521 1380 cavisset
1559 1339 1615 1379 de
1657 1338 1759 1378 dolo
1799 1338 1912 1378 malo
1925 1368 1936 1388 ,
1981 1338 2097 1392 quod
2135 1339 2266 1380 fiebat
2289 1350 2294 1355 ·

259 1421 503 1474 exceptione
533 1420 576 1457 in
606 1419 694 1457 inre
722 1418 746 1456 i.
775 1431 809 1455 e.
842 1431 867 1455 a
897 1415 1140 1469 magistratu
1172 1418 1392 1471 impetrata
1408 1446 1419 1467 ,
1451 1422 1498 1458 ut
1528 1416 1561 1456 si
1591 1413 1701 1456 hanc
1729 1412 1951 1454 formulam
1983 1414 2102 1454 daret
2137 1429 2263 1469 prae..

257 1500 351 1536 tor:
383 1507 499 1534 reum
530 1490 795 1533 condemnari
827 1496 941 1532 extra
972 1504 1096 1543 quam
1127 1491 1160 1532 si
1195 1490 1298 1532 dolo
1329 1491 1445 1532 malo
1488 1496 1670 1531 actorem
1711 1489 1772 1530 uti
1823 1496 1964 1546 paret,
2012 1504 2097 1544 qua
2148 1489 2265 1531 adie-

264 1570 401 1611 ctione
432 1569 528 1610 iuris
560 1567 825 1608 acerbitatem
855 1580 926 1608 reo
960 1572 1128 1622 petente
1159 1567 1339 1608 leniebat
1377 1572 1547 1623 praetor
1575 1565 1914 1621 impediebatque
1955 1565 2265 1608 condemnatio·

259 1660 366 1687 nem.
431 1645 515 1685 Cic.
556 1656 637 1699 pro
695 1642 810 1682 Tull.
851 1642 922 1683 38.
950 1655 975 1682 a
1014 1648 1207 1697 praetore
1251 1643 1484 1698 postulare,
1515 1647 1561 1681 ut
1604 1641 1780 1681 adderet
1817 1641 1860 1682 in
1898 1642 2048 1683 iudicio
2088 1641 2263 1683 iniuria.

261 1721 331 1762 Ad
366 1721 545 1760 actiones
576 1718 686 1758 sncti
714 1718 813 1756 iuris
844 1718 1106 1771 pertinebant
1147 1703 1440 1758 coniectiones
1480 1718 1582 1771 (Gai
1623 1717 1703 1767 lv,
1750 1715 1819 1756 18.
1891 1718 1992 1758 Gen
2032 1723 2140 1758 noct„
2177 1718 2263 1759 Aa„

259 1796 359 1846 XX,
390 1794 428 1835 l.
490 1792 844 1836 Unterholznerus
875 1792 917 1832 in
961 1791 1132 1847 Savigni
1164 1792 1400 1833 zeitschrift
1430 1793 1460 1833 1.
1491 1806 1535 1847 p.
1574 1790 1665 1832 248
1696 1790 1751 1831 de
1790 1791 1996 1833 actionum
2039 1798 2081 1834 et
2118 1792 2262 1834 condi-

258 1872 441 1913 ctionum
471 1869 698 1911 discrimine
729 1868 830 1909 mira
859 1868 1064 1925 protulit,
1098 1881 1205 1923 quae
1237 1882 1330 1911 cum
1363 1867 1611 1924 argumentis
1644 1873 1830 1920 careant,
1861 1868 2051 1911 refellere
2082 1882 2167 1911 non
2198 1874 2260 1913 est

328 2017 358 2056 ·)
377 2016 474 2047 Nullo
496 2016 591 2046 modo
613 2015 718 2047 facere
736 2025 866 2055 possum
885 2025 956 2047 cum
978 2015 1026 2047 ΙΙΙ.
1048 2015 1310 2055 Tigerstroemio‚
1334 2016 1427 2055 quiin
1449 2016 1531 2048 libro
1568 2016 1697 2047 laudato
1720 2025 1751 2055 p.
1782 2017 1854 2047 100.
1884 2026 1952 2055 sqq.
1976 2017 2129 2049 formulae
2150 2021 2279 2049 vocem·

365 2077 550 2114 usurpatam
571 2077 680 2105 censet
700 2082 758 2113 pro
779 2073 923 2110 actione,
946 2072 1030 2113 quod
1052 2083 1091 2104 ea
1110 2072 1150 2104 de
1167 2084 1282 2105 caussa
1302 2073 1397 2111 fecit,
1417 2078 1453 2105 ut
1472 2074 1656 2105 iudiciorum
1674 2081 1795 2105 morem
1817 2083 1856 2105 ac
1876 2074 2133 2106 consuetudinem
2152 2085 2172 2106 a
2191 2075 2260 2106 sola

368 2131 526 2170 praetoris
547 2131 712 2162 voluntate
732 2131 883 2162 liberaret
903 2134 935 2161 et
956 2132 1095 2171 praetori
1117 2135 1309 2172 potestatem
1331 2132 1502 2170 adimeret,
1526 2132 1622 2163 modo
1644 2131 1783 2163 habenas
1803 2132 1965 2164 remittere
1997 2132 2093 2164 modo
2115 2131 2255 2164 adstrin-

368 2197 449 2229 gere
470 2198 528 2219 sna
543 2189 742 2220 auctoritate.
784 2186 890 2220 Nemo
903 2197 981 2219 vero
1004 2188 1100 2225 dixit,
1116 2189 1273 2228 praetoris
1303 2190 1467 2221 voluntate
1498 2190 1600 2221 omnia
1632 2190 1793 2231 pendere,
1825 2199 1918 2229 quum
1944 2190 2063 2222 actoris
2093 2194 2180 2222 esset
2208 2192 2259 2222 vel

364 2244 500 2278 iudicem
521 2245 683 2286 postulare
699 2245 749 2276 vei
773 2245 946 2284 arbitrum;
988 2245 1015 2277 si
1038 2245 1172 2278 iudicem
1195 2246 1302 2284 vellet,
1322 2256 1378 2279 reo
1397 2247 1513 2280 licebat
1542 2256 1674 2279 severae
1697 2245 1850 2280 formulae
1877 2247 1996 2280 addere
2025 2247 2256 2290 exceptionem,

371 2305 419 2334 sin
458 2304 630 2340 arbitrum,
669 2302 808 2333 formula
849 2303 946 2333 libera
980 2309 1050 2334 erat
1089 2313 1192 2342 neque
1230 2305 1425 2336 addebantur
1465 2306 1679 2345 exceptiones.
1751 2305 1889 2337 Praetor
1915 2306 2015 2345 igitur
2053 2307 2149 2338 modo
2177 2306 2259 2338 banc

366 2359 462 2391 modo
484 2360 567 2391 illam
584 2358 770 2397 formulam,
834 2359 866 2391 in
889 2369 950 2399 qna
971 2363 1072 2392 totum
1097 2361 1284 2393 versabatur
1303 2361 1468 2394 discrimen
1492 2363 1593 2395 stricti
1614 2361 1726 2394 iudicii
1749 2366 1781 2393 et
1820 2362 1976 2394 liberioris
2014 2362 2130 2401 dabat,
2162 2367 2259 2404 prout

367 2421 481 2457 partes
497 2422 643 2455 optarent
673 2427 733 2448 nee
762 2426 913 2447 recusare
951 2421 1084 2456 poterat.
1129 2418 1435 2450 Luculentissumum
1465 2425 1515 2451 est
1536 2420 1746 2452 testimonium
1772 2419 1854 2459 apud
1877 2419 1942 2451 Cic.
1963 2430 2021 2460 pro
2041 2421 2138 2452 Rosc.
2168 2422 2259 2456 Com.

366 2484 394 2505 c.
422 2476 453 2505 8.
498 2477 600 2505 sunt
638 2473 751 2511 iura,
775 2477 872 2506 sunt
906 2473 1119 2506 formulae
1150 2474 1199 2506 de
1229 2477 1421 2508 omnibus
1453 2478 1582 2508 rebus
1623 2476 1904 2514 constitutae,
1935 2477 2095 2516 nequis
2126 2479 2256 2510 autin
2319 2518 2322 2521 y

368 2539 531 2571 genere
576 2531 781 2568 iniuriae,
828 2536 899 2562 aut
921 2532 1091 2564 ratione
1114 2532 1303 2564 actionis
1327 2543 1477 2566 errare
1517 2535 1668 2575 possit.
1716 2532 1961 2574 Expressae
2012 2540 2114 2567 sunt
2147 2535 2254 2567 enim

365 2601 409 2611 ·-
455 2588 703 2629 publicaea
746 2593 953 2629 praetore
992 2589 1223 2628 formulae,
1253 2591 1300 2622 ad
1338 2600 1439 2631 quas
1483 2592 1656 2632 privata
1704 2591 1756 2623 lis
1795 2591 2162 2630 accommodatur,
2202 2592 2256 2624 ubi

361 2645 668 2678 videmus.actiones
686 2650 719 2678 et
740 2645 890 2679 formulas
914 2647 1012 2679 fuisse
1033 2647 1183 2680 diversas.
1225 2648 1305 2680 Item
1328 2660 1354 2682 c.
1376 2651 1405 2681 4.
1436 2650 1529 2690 ipsa
1549 2651 1680 2682 verba
1703 2650 1914 2682 formulae
1943 2661 1980 2683 ac
1995 2652 2046 2684 fin.
2070 2661 2150 2691 cap„
2183 2652 2253 2691 qui-

367 2702 431 2736 bu·
450 2703 532 2737 locis
551 2712 626 2736 num
646 2703 782 2736 formula
802 2715 860 2745 pro
892 2706 1016 2738 actione
1038 2707 1187 2746 explicari
1217 2707 1337 2747 possit,
1390 2708 1457 2748 ipse
1478 2708 1583 2740 videat
1603 2707 1880 2749 Tigerstroemius.
