2519 3077
1076 120 1139 130 —
1231 97 1289 139 11
1381 118 1445 132 ..-

255 219 368 260 esset
392 214 476 256 sibi
506 214 612 255 dari
634 213 767 271 petiit
785 215 880 253 cett.
942 209 1100 253 Seneca
1117 210 1173 252 de
1190 208 1328 252 haee
1358 209 1430 263 m,
1468 209 1501 252 ⁸1
1530 209 1659 254 huius
1689 209 1852 271 (arbitri
1882 224 1934 257 ex
1962 212 1992 256 t:
2022 210 2089 269 b.)
2116 213 2259 259 libera

254 297 296 334 et
326 292 490 333 nullius
522 290 744 332 adstricta
766 287 952 329 vinculis
983 287 1148 344 religio
1190 291 1232 327 et
1260 286 1500 328 detrahere
1536 287 1708 344 aliquid
1734 293 1883 346 potest
1917 295 1960 331 et
2001 288 2226 332 abducere
2243 307 2257 332 .-

253 372 294 409 et
321 367 580 410 sententiam
610 376 762 415 suam,
792 377 879 405 non
900 368 1040 419 ‚prout
1067 363 1142 405 lex
1172 366 1250 405 mat
1287 362 1459 405 inutilia
1496 363 1676 416 madet,
1712 365 1791 407 aed
1821 370 1959 422 prout
2003 366 2258 409 hummitm

252 456 309 485 ex
337 439 648 485 misericordia
679 452 851 496 regere.
915 438 970 480 de
999 438 1191 480 clement.
1221 437 1282 490 Π,
1314 437 1346 480 6
1389 437 1634 482 Clementia
1675 438 1860 482 liberum
1889 439 2124 484 arbitr-inan
2166 441 2255 486 ha-

250 519 342 568 bet,
370 530 455 557 non
486 514 566 556 sub
586 515 819 569 formula,
851 514 933 554 aed
962 524 1029 554 ex‘
1051 525 1190 568 aequo
1230 517 1272 553 et
1311 512 1422 553 bono
1460 514 1655 565 iudicat,
1704 519 1747 554 et
1773 513 1999 556 absolvere
2038 517 2110 557 illi
2156 518 2257 558 Rea

250 600 292 635 et
323 591 476 649 quanti
504 592 598 633 vult
630 595 793 631 taxare
824 590 952 631 litem.
1014 589 1197 631 Omnino
1229 596 1369 631 autem
1399 592 1568 646 negotia
1598 592 1708 632 vitae
1750 591 1990 643 communia,
2031 593 2074 632 in
2102 593 2255 649 quibu

249 668 366 719 ultro,
392 669 494 709 citro
526 668 580 708 ab
608 672 781 720 utraque
811 671 932 722 parte
962 665 1162 721 postulari
1193 671 1383 721 poterat,
1446 672 1561 707 erant
1587 667 1725 708 bonae
1770 666 1893 719 fidei,
1935 680 2116 722 quorum
2157 676 2261 711 anto

251 743 391 786 omnia
429 741 629 785 servanda
660 747 721 784 est
750 740 855 783 fides
886 747 928 783 et
958 740 1161 796 aequitas,
1193 739 1311 798 quod
1341 740 1512 799 egregie
1537 741 1752 784 confirmat
1793 740 1880 785 cic.
1910 740 2022 800 Top.
2056 740 2137 796 19,
2179 741 2253 796 66,

251 826 359 872 qnae
390 819 563 874 negotia
599 824 836 871 antequam>
853 817 1076 858 accuratim
1107 830 1424 872 cognoscamus,
1464 817 1676 857 videamus
1701 817 1885 873 singula,
1915 818 2062 871 quibus
2084 819 2253 875 compi-

250 894 356 934 citur
388 893 603 933 discrimen
634 894 741 933 inter
771 893 937 932 arbitria
967 892 1113 931 latiore
1142 905 1261 932 sensu
1292 907 1323 933 s.
1354 905 1405 932 ex
1432 906 1589 947 genere
1620 899 1663 932 et
1704 893 1869 932 arbitria
1907 905 1960 935 ex
1984 893 2072 934 fide
2122 894 2248 934 bona.

371 968 421 1020 1,
450 969 586 1010 bonae
615 968 716 1009 fidei
747 968 925 1010 actiones
955 974 1049 1008 sunt
1098 966 1248 1007 iudicia
1303 968 1375 1009 de·
1399 968 1510 1008 mala
1560 968 1668 1019 fide,
1708 968 1867 1022 (qualia
1917 968 2103 1009 nominat
2165 968 2251 1010 Cic.

249 1043 304 1086 de
336 1042 386 1084 N.
417 1043 468 1085 D.
500 1043 579 1095 111,
612 1042 694 1094 3⁰,
725 1041 805 1097 74)
835 1042 861 1083 i.
888 1057 922 1083 e.
954 1041 1079 1083 iudex
1107 1043 1311 1098 respicere
1342 1043 1470 1085 debet
1500 1043 1557 1085 ad
1588 1043 1735 1085 dolum
1766 1043 1941 1096 malum,
1989 1044 2087 1085 licet
2130 1056 2262 1086 exce-·

246 1120 434 1175 ptionem
464 1118 506 1158 in
535 1119 623 1158 iure
656 1132 739 1158 non
754 1117 1032 1173 impetraverit
1061 1131 1165 1169 reue,
1196 1132 1292 1158 nam
1317 1132 1389 1159 cur
1414 1125 1577 1175 peteret
1597 1119 1666 1171 id,
1699 1117 1816 1173 quod
1846 1124 1996 1174 sponte
2025 1119 2247 1174 consequi-

245 1200 313 1235 tur
326 1194 347 1235 ?
404 1194 570 1235 Arbiter
600 1194 726 1248 igitur
758 1194 967 1247 aequitate
995 1193 1086 1248 ipsa
1117 1199 1161 1233 et
1198 1193 1342 1234 officio
1381 1209 1455 1235 suo
1496 1201 1622 1249 atque
1659 1196 1771 1246 iure,
1810 1194 1934 1234 iudex
1969 1207 2068 1234 vero
2105 1191 2250 1250 (stricti

244 1269 361 1325 iuris)
396 1269 574 1311 formula
603 1275 766 1310 tantum
797 1269 1026 1324 cogebatur
1054 1270 1292 1322 observare,
1319 1277 1366 1311 ut
1396 1285 1448 1311 ne
1480 1272 1569 1324 quis
1600 1271 1701 1311 dolo
1732 1271 1865 1320 malo,
1894 1271 1954 1321 vi,
1986 1276 2100 1311 metu
2130 1270 2246 1311 flau-

247 1346 352 1387 deve
383 1344 738 1386 circumveniretur
768 1350 840 1385 aut
866 1343 1111 1385 laederetur.
1172 1345 1267 1386 Non
1296 1346 1427 1387 minus
1469 1360 1594 1400 quam
1641 1345 1781 1397 dolus,
1819 1345 1944 1385 etiam
1993 1345 2119 1400 culpa
2160 1350 2248 1385 erat

245 1421 493 1475 praestanda
523 1421 564 1459 in
594 1421 635 1460 b.
668 1420 696 1459 f.
729 1420 975 1469 actionibus,
1022 1419 1138 1470 quod
1180 1426 1347 1474 praeter
1387 1422 1526 1461 locum
1565 1434 1689 1474 snpra
1727 1421 1945 1459 laudatum
1988 1420 2245 1459 demonstrat

247 1494 332 1537 Cic.
364 1494 419 1535 de
450 1493 522 1535 off.
552 1494 630 1546 ΙΙΙ,
665 1492 746 1545 15,
777 1494 862 1545 61,
903 1493 976 1534 ubi
1016 1492 1135 1544 dicit,
1182 1499 1277 1535 ante
1318 1494 1460 1550 legem
1501 1495 1728 1548 Aquiuiam
1770 1494 1918 1535 dolum
1957 1494 2114 1535 malum
2157 1506 2243 1533 esse

243 1570 494 1611 vindicatum
522 1576 564 1611 et
594 1570 690 1625 lege
721 1569 800 1610 ΧΠ
829 1569 944 1610 tabb.
976 1574 1017 1608 et
1048 1569 1133 1609 sine
1163 1568 1259 1625 lege
1290 1570 1518 1611 actionibus
1560 1570 1785 1626 pergitque
1829 1570 1874 1610 in
1916 1568 2072 1625 quibus
2113 1568 2243 1623 (iudi-

244 1645 335 1700 ciis)
366 1644 550 1686 additur
581 1658 638 1686 επ
648 1643 758 1703 fide
788 1642 912 1686 bona.
944 1642 1230 1700 Reliquorum
1261 1650 1408 1687 autem
1435 1646 1696 1688 iudiciorum
1728 1645 1839 1687 haec
1869 1644 2006 1687 verba
2035 1656 2245 1687 maxume

245 1721 488 1762 excellunt.-
529 1721 573 1760 in
606 1720 790 1761 arbitrio
819 1720 886 1760 rei
925 1720 1133 1769 uxoriae,
1168 1732 1344 1761 xEnvs
1388 1734 1592 1775 AEotrnss
1608 1750 1620 1771 ,
1654 1722 1700 1760 in
1724 1719 1910 1776 fiducia
1997 1733 2056 1759 m·
2095 1731 2245 1759 INTER

243 1810 385 1837 nozvos
429 1809 554 1836 BENE
588 1809 747 1836 Acmn.
823 1794 942 1852 Quid
987 1807 1098 1850 ergo
1115 1791 1140 1833 ?
1170 1799 1248 1835 aut
1290 1796 1335 1835 in
1377 1809 1446 1847 eo,
1486 1808 1607 1848 ouon
1646 1808 1823 1836 umus
1862 1808 2061 1848 AEovms
2097 1799 2246 1851 potest

242 1872 339 1910 ulla
364 1883 479 1925 pars
511 1871 651 1908 inesse
668 1866 900 1923 fraudis?
931 1873 1008 1906 aas
1038 1883 1169 1921 quum
1199 1870 1363 1908 dicitur
1391 1883 1543 1909 uva-Est
1569 1882 1711 1909 EoNos
1753 1882 1877 1908 BENE
1925 1882 2073 1910 acum
2112 1869 2241 1924 quid-

239 1959 373 2001 quam
403 1945 487 2000 agi
513 1944 662 1984 dolose
694 1948 770 1984 aut
800 1941 1017 1982 malitiose
1044 1938 1221 1996 potest?
1290 1942 1435 1985 Dolus
1473 1949 1625 1985 autem
1672 1944 1819 1985 malus
1860 1945 1905 1985 in
1948 1944 2240 2003 simulatione,

240 2024 287 2061 ut
318 2020 382 2061 ait
412 2019 634 2075 Aquillius
664 2019 913 2060 continetur.
989 2015 1250 2058 Tollendum
1294 2023 1359 2060 est
1401 2019 1543 2075 igitur
1581 2032 1639 2060 ex
1678 2019 1808 2060 rebus
1843 2018 2155 2060 contrahendis
2194 2032 2240 2059 o—

240 2109 339 2135 mne
365 2096 654 2135 mendacium.
715 2095 854 2136 verba
883 2092 1010 2148 igitur
1039 2104 1147 2145 quae
1165 2099 1258 2133 sunt
1286 2094 1430 2135 addita
1448 2096 1686 2151 permittere
1715 2096 1907 2136 videntur
1934 2094 2082 2144 iudici,
2115 2093 2239 2133 dnm-

240 2169 370 2211 modo
400 2170 596 2224 aequitati
627 2162 889 2225 obtemperet
918 2181 1033 2209 suam
1064 2168 1182 2222 sequi
1211 2170 1451 2211 sententiam
1479 2177 1521 2213 et
1552 2184 1711 2222 curare,
1744 2184 1796 2210 ne
1828 2169 1917 2224 quis
1946 2174 2122 2223 propter
2155 2168 2238 2209 do·-

240 2247 327 2285 lum
358 2248 514 2286 malum
546 2248 743 2287 damnum
769 2247 969 2301 patiatur,
998 2245 1109 2284 cuius
1140 2246 1198 2284 rei
1229 2247 1461 2300 exemplum
1492 2248 1668 2302 legimus
1709 2247 1859 2287 eodem
1890 2246 1998 2286 libro
2035 2258 2125 2297 cap.
2169 2246 2238 2295 16,

240 2321 314 2362 ubi
345 2320 452 2362 Cato
480 2322 603 2364 iudex
633 2323 871 2376 pronuntiat
920 2320 1105 2376 emptori
1158 2321 1368 2362 damnum
1403 2323 1636 2378 praestari
1676 2328 1896 2378 oportere,
1928 2334 2023 2363 cum
2041 2321 2238 2361 arbitrum

241 2395 445 2452 adegisset
478 2396 676 2439 Claudius
707 2397 918 2455 quidquid
944 2396 1026 2438 sibi
1054 2396 1166 2437 dare
1184 2396 1350 2454 facere
1384 2403 1600 2454 ‹morter-et
1627 2412 1683 2439 ex
1694 2397 1802 2456 fide
1833 2397 1958 2441 bona.

363 2473 404 2513 2.
444 2473 491 2514 In
521 2474 655 2514 bonae
686 2475 785 2515 fidei
817 2474 1043 2514 actionibus
1073 2471 1228 2513 fructus
1261 2480 1303 2514 et
1341 2488 1483 2515 usurae
1522 2482 1698 2528 propter
1738 2476 1986 2527 aequitatem
2028 2480 2236 2532 accipiun-

239 2555 325 2601 tur,
357 2562 440 2589 non
470 2555 643 2603 propter
673 2549 994 2606 obligationem,
1024 2548 1065 2589 in
1097 2549 1321 2592 actionibus
1347 2550 1470 2591 stricti
1500 2551 1593 2591 iuris
1624 2550 1670 2591 id
1691 2556 1847 2592 tantum
1867 2551 2088 2606 accipitur,
2121 2557 2236 2608 quod

241 2632 300 2665 est
333 2624 584 2679 promissum.

362 2700 401 2741 3.
435 2700 800 2754 Compensationee
841 2702 977 2744 locum
1027 2700 1186 2744 habent
1224 2703 1264 2743 in
1295 2702 1335 2744 b.
1363 2701 1389 2743 f.
1431 2703 1678 2750 actionibus,
1729 2710 1777 2746 ut
1818 2707 1859 2747 si
1899 2707 2004 2761 quid
2050 2708 2234 2750 invicem

1738 2781 1763 2820 2
