2519 3077
1097 104 1465 145 ..n-a

267 234 342 265 nos
374 220 540 263 dedisse
572 220 711 276 legem
743 218 825 259 sine
853 215 893 256 vi
925 228 975 256 ac
1005 219 1232 267 momento,
1272 215 1390 270 quod
1421 220 1579 270 quanto
1609 229 1739 273 opere
1770 216 1876 259 absit
1907 230 1933 257 a
1963 224 2149 263 veterum
2178 232 2280 278 pru-

269 299 413 341 dentia
443 299 531 353 ipse
556 296 697 336 videat
728 299 768 334 et
800 292 1054 333 credendum
1085 297 1146 333 est
1177 290 1294 345 quod
1334 292 1401 332 vix
1440 291 1552 331 credi
1597 299 1760 348 potest,
1792 293 1901 334 hanc
1932 307 2120 335 normam
2158 297 2283 354 plane

268 375 455 417 inutilem
484 371 623 413 tulisse
654 374 833 411 aetatem
864 383 993 423 usque
1025 368 1081 409 ad
1111 382 1262 408 annum
1291 366 1384 409 428
1426 381 1467 421 p.
1502 368 1563 420 C.,
1614 382 1711 408 nam
1756 384 1970 424 ponamus
2014 370 2158 426 legem
2197 379 2284 415 tam

270 450 416 492 miram
446 461 533 489 esse
564 447 728 497 datam,
760 445 953 501 profecto
994 457 1069 485 usu
1099 442 1319 485 deficiente
1348 443 1489 499 primis
1517 443 1630 485 annis
1663 445 1841 485 evanuit.

392 524 531 575 Quare
562 522 667 576 quid
698 522 815 562 nobis
842 520 1029 562 videatur
1061 518 1115 560 de
1146 519 1337 575 legitimo
1365 519 1494 560 modo
1524 520 1667 575 paucis
1697 524 1942 574 repetamus.
2005 520 2161 562 Modus
2192 522 2277 563 sive

270 598 474 657 quantitas
508 603 597 639 erat
628 597 724 653 lege
751 601 946 648 statutus,
977 616 1041 628 ·——
1071 601 1248 650 quantus
1278 608 1377 637 vero
1408 594 1532 637 fuerit
1561 610 1614 637 ne
1640 594 1819 638 Calchas
1843 595 2012 651 quidem
2044 598 2280 651 suspicetur,

268 689 406 730 neque
439 674 599 724 Cuiaci,
641 673 843 713 Ranchini
857 703 869 723 ,
911 673 1026 712 Retis
1059 678 1101 711 et
1141 672 1313 727 Savigni
1345 671 1407 725 (p.
1441 670 1502 712 36
1567 671 1680 727 sqq.)
1720 671 1953 714 coniectura
1992 671 2072 714 XX
2110 673 2287 714 millium

270 765 324 792 ns
355 752 478 792 fuisse
508 754 578 789 aut
608 747 899 789 Klinkhameri
931 748 1156 788 aliorumve
1196 748 1268 800 qui
1312 753 1603 788 enumerantur
1645 761 1670 788 a
1708 748 1969 789 Serveransio
2009 761 2051 803 p.
2096 746 2166 789 18.
2214 749 2288 801 19,

272 827 392 868 firma
422 824 580 866 habent
609 824 756 878 quibus
788 825 968 865 nitantur
998 823 1290 874 fundamenta,
1321 846 1383 855 —
1413 824 1523 863 ultra
1558 837 1686 878 quem
1718 824 1790 877 qui
1823 823 2019 875 donaret,
2062 823 2107 863 id
2148 824 2288 878 requi-

210 889 228 897 ..
274 916 363 944 rere
394 906 583 954 poterat,
616 912 751 952 neque
783 900 815 940 si
846 900 910 940 cui
944 899 1143 940 donatum
1175 904 1283 950 erat,
1311 898 1405 951 plus
1437 904 1580 952 petere
1608 904 1775 952 poterat
1805 899 1847 938 in
1871 899 1979 949 iure,
2020 912 2145 951 quam
2177 913 2287 940 sum-

271 990 384 1019 mam
417 991 442 1016 a
472 976 569 1031 lege
601 976 854 1029 permissam.
887 975 937 1015 cf.
964 974 1080 1015 Hass.
1113 987 1154 1027 p.
1187 973 1289 1015 206.
1329 973 1426 1029 Dig.
1459 974 1485 1014 l.
1526 974 1597 1015 21.
1644 974 1699 1014 de
1740 974 1899 1014 donatt.
1940 973 2288 1026 (rescissoriam)

279 1052 326 1093 ἰη
353 1052 404 1092 id
430 1051 546 1108 quod
577 1063 719 1106 supra
754 1050 872 1107 legis
903 1050 1082 1091 modum
1113 1048 1191 1090 tibi
1215 1048 1443 1107 promisit,
1471 1048 1534 1091 ita
1564 1053 1612 1091 ut
1657 1049 1702 1090 in
1733 1049 1949 1106 reliquum
1989 1048 2288 1091 tantammodo

273 1128 353 1168 tibi
383 1132 563 1167 maneat
598 1126 836 1182 obligatus.
898 1126 1072 1166 Wencki
1103 1126 1231 1179 praef.
1272 1139 1313 1180 p.
1355 1126 1445 1166 XL.
1508 1125 1592 1177 Qui
1630 1126 1738 1166 ultra
1778 1125 1971 1179 petebat,
2013 1124 2108 1166 tulit
2146 1124 2288 1178 repul-

273 1218 386 1254 sam,
419 1204 536 1243 velut
570 1204 739 1244 omnino
771 1203 802 1242 is
839 1203 909 1255 qui
940 1203 1036 1255 plus
1066 1203 1238 1255 petebat
1270 1216 1404 1255 neque
1434 1202 1581 1241 iterum
1613 1201 1667 1241 de
1699 1201 1846 1241 eadem
1888 1216 1933 1241 re
1982 1214 2108 1256 agere
2151 1200 2289 1254 potuit

275 1278 369 1321 Gai.
399 1278 479 1330 IV,
513 1278 614 1319 123.
642 1276 713 1318 53.
751 1277 867 1318 Idem
899 1278 1011 1317 valet
1044 1277 1097 1317 de
1140 1277 1464 1332 obligationibus
1501 1292 1531 1317 s.
1573 1277 1905 1331 stipulationibus
1944 1276 2152 1328 donandi,
2193 1289 2288 1316 narn
2326 1301 2329 1304 ι

275 1355 346 1408 qui
376 1355 470 1407 plus
500 1359 665 1407 peteret
696 1353 978 1405 repellebatur
1010 1353 1250 1406 exceptione
1269 1352 1387 1407 legis.
1431 1351 1526 1392 vat.
1553 1352 1723 1407 Fragm.
1757 1348 1799 1407 ᾗ.
1832 1350 1933 1392 266.

400 1429 477 1468 His
505 1429 703 1467 absolutis
732 1428 961 1467 accedimus
994 1428 1048 1466 ad
1083 1428 1258 1467 alterum
1300 1427 1405 1481 legis
1445 1433 1713 1481 praeceptum
1757 1426 1872 1480 quod
1914 1426 2003 1482 agit
2045 1426 2103 1466 de
2132 1438 2289 1482 perso-

276 1504 346 1545 m‘s
378 1502 596 1558 exceptis,
628 1515 732 1555 quos
761 1515 854 1541 cum
886 1503 1224 1557 cognoverimus,
1258 1502 1409 1542 deinde
1440 1516 1704 1556 quaeramus,
1736 1516 1939 1555 quaenam
1969 1503 2121 1542 fuerint
2151 1515 2288 1542 earum

274 1581 365 1621 iura
394 1584 437 1620 et
464 1576 694 1631 privilegia.
755 1576 963 1616 Personae
994 1583 1133 1617 autem
1163 1577 1246 1617 hae
1278 1577 1393 1617 fuere

400 1653 473 1706 1)·
493 1652 661 1707 cognati
695 1657 737 1691 et
767 1657 971 1706 cognatae
1002 1653 1183 1705 quinque
1214 1652 1422 1707 graduum
1452 1665 1545 1692 cum
1577 1652 1742 1692 sobrino
1775 1657 1817 1690 et
1847 1652 2010 1691 sobrina
2028 1657 2069 1692 et
2100 1653 2170 1706 qui
2187 1666 2291 1709 cog-

277 1736 418 1772 natum
449 1729 491 1768 in
523 1732 729 1781 potestate
760 1740 884 1767 manu
915 1727 1122 1780 mancipio
1150 1726 1308 1767 habent
1339 1733 1411 1767 aut
1442 1727 1483 1767 in
1528 1727 1612 1768 eius
1653 1741 1777 1767 manu
1818 1732 1911 1767 sunt
1941 1726 1997 1780 *).
2060 1728 2170 1768 Num
2211 1728 2290 1770 do-

276 1813 365 1847 tem
391 1804 578 1845 conferre
610 1803 769 1843 licuerit
800 1803 987 1856 cognatis
1026 1802 1099 1854 **)
1133 1803 1305 1843 dubium
1333 1809 1414 1853 est,
1448 1803 1595 1843 Cicero
1645 1803 1810 1842 videtur
1852 1803 2057 1843 affirmare
2071 1834 2082 1854 ,
2137 1810 2292 1859 negant

278 1864 494 1937 Fragmm‘.
527 1878 657 1919 Vatic.
692 1877 825 1917 donec
855 1876 1084 1917 Antoninus
1111 1876 1207 1917 Pius
1239 1876 1344 1931 Imp.
1378 1877 1634 1919 concederet.

362 2030 394 2069 ¹)
415 2029 543 2067 Fragm.
565 2027 666 2059 Vatic.
689 2027 720 2066 §-
743 2028 809 2058 298
828 2043 872 2050 —-
893 2028 955 2057 801
980 2025 1132 2058 desumtis
1161 2035 1201 2057 ex
1223 2025 1314 2058 Pauli
1344 2026 1364 2058 l.
1396 2025 1502 2058 LXXI
1524 2026 1565 2058 ad
1593 2026 1689 2059 edict.
1719 2026 1759 2059 ad
1785 2027 1942 2059 Cinciam:
2001 2026 2165 2060 Personae
2196 2029 2292 2068 igitur

412 2089 624 2124 cognatorum
660 2085 858 2123 excipiuntur
880 2085 912 2114 in
934 2083 981 2114 his
1005 2085 1128 2114 verbis:
1154 2084 1221 2113 sive
1247 2085 1315 2121 quis
1338 2088 1493 2123 cognatus
1517 2088 1653 2122 cognata
1673 2085 1755 2115 iuter
1776 2094 1832 2121 se,
1858 2085 1929 2114 dum
1954 2084 2100 2114 sobrinus
2123 2085 2290 2117 sobrinave

412 2141 585 2184 propiusve
602 2149 678 2179 eos,
701 2144 735 2172 et
756 2140 823 2172 sive
838 2140 908 2180 quis
930 2141 961 2172 in
982 2141 1112 2173 alterius
1134 2144 1293 2182 potestate
1315 2141 1555 2173 matrimoniove
1579 2141 1658 2180 erit,
1678 2143 1730 2182 qui
1754 2152 1811 2174 eos
1838 2141 1895 2174 hac
1920 2142 2111 2182 cognatione
2146 2144 2292 2183 attinget,

412 2209 589 2240 quorumve
605 2200 637 2230 in
658 2202 823 2238 potestate
845 2199 1083 2229 matrimoniove
1105 2200 1186 2234 erit,
1211 2199 1256 2228 eis
1275 2199 1420 2229 omnibus
1444 2199 1526 2229 inter
1546 2209 1582 2230 se
1605 2199 1723 2230 donare
1743 2209 1858 2240 capere
1890 2200 1995 2230 liceto.
2049 2199 2199 2238 Quinque
2229 2199 2289 2242 igi-

416 2261 470 2289 tur
492 2256 610 2297 gradus
642 2256 726 2296 pleni
755 2257 882 2296 excepti
900 2259 975 2287 suut
997 2259 1031 2287 et
1051 2264 1091 2287 ex
1110 2258 1203 2286 sexto
1227 2264 1289 2286 una
1310 2265 1448 2296 persona
1470 2256 1617 2288 sobrinus
1640 2261 1674 2288 et
1695 2258 1832 2288 sobrina.
1876 2256 2086 2296 Excipiuutur
2108 2261 2142 2288 et
2173 2256 2214 2295 hi,
2238 2261 2290 2298 qui

418 2315 451 2345 in
474 2317 636 2354 potestate
658 2323 768 2344 eorum
788 2314 837 2344 vel
860 2323 952 2344 manu
973 2313 1168 2352 mancipiove
1188 2312 1262 2343 item
1286 2322 1418 2351 quorum
1443 2314 1475 2343 in
1504 2318 1664 2352 potestate
1695 2323 1788 2345 manu
1820 2314 2015 2353 mancipiove
2035 2317 2136 2345 eruut.
2185 2314 2236 2346 Ita
2266 2316 2292 2347 si

416 2371 485 2409 quis
515 2371 547 2402 in
564 2380 603 2402 eo
626 2369 729 2410 gradu
751 2374 819 2407 est,
839 2370 872 2401 iu
895 2374 1055 2410 potestate
1086 2369 1201 2400 habeat
1221 2379 1311 2406 eum,
1329 2371 1382 2408 qui
1402 2370 1475 2400 mihi
1498 2371 1642 2411 longiore
1671 2371 1772 2411 gradu
1803 2372 1866 2407 sit,
1891 2370 1968 2401 dare
2002 2370 2031 2401 ei
2061 2375 2184 2411 potero.
2238 2372 2292 2406 sie

424 2431 458 2458 et
480 2427 531 2458 lex
551 2427 649 2459 Furia
674 2428 793 2468 scripta
814 2430 886 2466 est,
910 2437 949 2460 eo
972 2428 1104 2468 ampfius
1127 2426 1213 2466 quod
1238 2426 1291 2458 illa
1309 2427 1360 2459 lex
1377 2437 1435 2459 sex
1454 2428 1571 2467 gradus
1590 2432 1624 2460 et
1644 2438 1737 2460 uuam
1772 2437 1940 2468 personam
1971 2437 2011 2459 ex
2034 2429 2170 2467 septimo
2190 2431 2292 2470 gradu

419 2484 565 2524 excepit,
588 2484 717 2516 sobrino
740 2488 858 2517 natum.

366 2572 413 2612 ··)
435 2572 502 2603 Cic.
523 2570 565 2602 de
585 2571 639 2610 off.
662 2571 712 2609 11,
739 2574 801 2610 16,
823 2574 865 2603 55
890 2572 1038 2604 liberales
1059 2572 1154 2610 suus,
1177 2571 1229 2611 qui
1253 2571 1318 2603 suis
1338 2571 1540 2606 facultatibus
1561 2577 1618 2607 aut
1639 2577 1750 2615 captos
1773 2584 1792 2606 a
1812 2573 2027 2615 praedonibus
2049 2573 2207 2606 redimunt
2236 2580 2292 2606 aut

414 2638 471 2660 aes
489 2630 663 2669 suscipiunt
684 2630 858 2661 amicorum
879 2631 987 2661 autin
1008 2631 1143 2662 filiarum
1178 2630 1387 2661 collocatione
1420 2630 1566 2664 adiuvant
1595 2635 1651 2664 aut
1684 2632 1877 2673 opitulantur
1907 2632 1938 2662 iu
1966 2640 2001 2662 re
2032 2631 2081 2662 vel
2112 2632 2289 2671 quaerenda

410 2686 463 2718 vel
483 2686 637 2726 augenda.
678 2687 839 2729 Fragmm.
860 2689 891 2727 §-
913 2690 977 2720 305
998 2691 1175 2720 memorant
1194 2687 1274 2719 hanc
1296 2689 1512 2728 exceptionem
1533 2700 1553 2721 a
1574 2690 1634 2721 Pio
1659 2689 1783 2721 datamz
1808 2689 1924 2729 excipit
1947 2689 1974 2720 si
1996 2689 2065 2728 quis
2083 2689 2206 2720 mulieri
2224 2690 2288 2721 vir-

415 2744 523 2785 gInive
541 2748 699 2785 cognatus
722 2745 832 2780 dotem
853 2746 1000 2779 conferre
1019 2747 1114 2780 volet.
1159 2745 1260 2787 Igitur
1281 2754 1468 2788 quocunque
1486 2747 1587 2790 gradu
1608 2752 1764 2790 cognatus
1786 2746 1869 2781 dotis
1892 2747 2018 2781 nomine
2041 2746 2160 2779 donare
2171 2752 2287 2789 potest.
