2519 3077
249 201 520 253 tionesiutra
539 204 713 244 certam.
730 205 930 247 summam
959 190 1168 246 cohibitas,
1184 204 1288 245 ,esoe
1308 195 1507 260 statueret
1535 191 1758 250 meineoci
1781 201 2010 256 syntag-ma
2031 206 2101 251 ed·
2120 247 2123 251 Δ
2140 206 2260 254 Hm,

248 281 368 325 bold.
400 295 445 338 p.
475 278 587 332 413)
619 281 708 318 erat
735 271 939 328 vulgaris,
979 270 1114 313 donec
1142 283 1295 333 novam
1312 275 1560 321 monstraret
1584 270 1802 329 Savignius
1821 273 2058 332 legitimum
2087 286 2261 330 modum

252 373 350 402 cum
386 354 570 414 personis
617 358 659 396 et
695 349 838 392 formis
877 348 1156 405 donationum-4
1180 348 1335 405 primus
1370 347 1673 406 conglutinans,
1699 348 1894 404 ‘'Putayit
1940 358 2071 410 enim,
2120 360 2264 417 legem

253 449 341 479 non
380 446 502 489 posse
540 429 655 480 ferri,
705 437 814 481 quae
844 425 1085 466 donationes
1116 424 1225 465 ultra
1255 429 1414 466 certum
1443 424 1617 478 modum
1639 424 1847 481 tolleret,
1895 444 1990 474 cum
2027 435 2265 495 respublica

254 513 313 554 ita
338 510 508 552 nimium
535 506 613 547 sibi
643 508 899 559 arrogasset,
942 501 975 543 si
1003 501 1237 557 respublica
1267 506 1426 543 tantam
1444 502 1541 544 'vim
1571 507 1783 543 exerceret
1806 503 1849 544 in
1875 518 1963 550 rem
1993 511 2264 568 privatorum,

253 600 397 632 verum
427 584 474 625 id
504 582 683 624 voluisse
701 579 909 630 Cincium,
941 582 989 618 ut
1017 576 1208 631 homines
1225 582 1455 632 antequam
1482 577 1685 619 donarent
1704 580 1964 625 attenderent
1993 587 2176 629 animum
2208 588 2265 629 ad

255 660 528 720 propositum
561 670 679 699 suum
711 667 847 709 neque
877 652 1179 695 inconsiderata
1208 653 1439 695 temeritate
1468 666 1533 695 res
1557 653 1794 707 alienarent,
1840 657 2020 715 ideoque
2049 663 2149 708 ritus
2174 664 2266 717 '11ng

254 740 460 782 sollennes
484 748 559 776 nec
588 733 675 773 sine
705 730 1011 785 impedimentis
1029 729 1300 770 instituendos
1318 743 1353 770 e.
1374 743 1406 770 c.
1437 729 1784 785 mancipationem
1803 737 1846 772 et
1871 734 1912 774 in
1930 735 2018 779 iure
2033 737 2267 783 ‘cessionem

257 817 302 858 iu
333 809 621 855 donationibus
651 807 876 849 maioribus
907 819 1067 846 moram
1098 805 1240 847 fecisse
1271 805 1415 845 utilem
1434 804 1678 846 *hominibus
1709 805 1765 846 ad
1783 820 1967 851 caussam
1998 813 2268 868 pendendam

257 897 301 934 et
331 886 544 930 consilium
575 882 833 934 mutandum,
862 881 1104 923 donationes
1127 886 1265 921 autem
1284 880 1462 921 minores
1480 881 1566 921 siue
1591 881 1894 937 mancipatione
1917 886 2090 942 aliisque
2109 890 2266 931 sollen-

256 965 452 1010 nitatibus
483 960 667 1019 potuisse
688 960 844 1016 perfici.
907 958 1045 1010 Quam
1076 956 1320 1013 sententiam
1350 962 1510 998 tantum
1543 956 1681 1010 abest,
1725 965 1772 1000 ut
1801 960 2069 1004 refutaverint
2100 966 2173 1020 qui
2201 980 2269 1008 re-

258 1042 502 1087 centissume
530 1037 642 1079 hanc
670 1050 760 1077 rem
794 1040 1021 1077 tractarunt
1065 1032 1234 1076 Hassius
1270 1039 1312 1074 et
1342 1025 1697 1076 Unterholznerus
1729 1035 1900 1090 aliique,
1961 1045 2009 1079 ut
2037 1039 2266 1081 vehemen-

257 1125 322 1163 ter
352 1129 445 1159 eam
474 1115 723 1170 probarent,
765 1112 881 1167 quod
912 1112 998 1152 iure
1028 1110 1185 1152 factum
1202 1122 1289 1151 esse
1318 1122 1454 1165 neg0,
1496 1123 1755 1165 quamquam
1785 1125 1869 1153 non
1896 1112 2071 1169 ignoro,
2112 1122 2271 1158 tantam

262 1209 350 1238 oese
382 1191 557 1247 Saw'gni
589 1189 876 1230 auctoritatem
907 1188 948 1228 in
980 1187 1044 1228 his
1074 1186 1219 1237 rebus,
1269 1190 1317 1226 ut
1346 1185 1413 1226 vix
1442 1179 1571 1241 possit
1602 1199 1689 1227 esse
1718 1187 1859 1229 maior.
1925 1189 2051 1232 Cuius
2081 1192 2157 1233 viri
2186 1192 2270 1234 hu·
2312 1243 2315 1245 Ι

257 1271 432 1314 manitas
464 1281 557 1307 cum
588 1280 672 1307 non
699 1266 830 1305 minus
859 1265 901 1305 in
935 1263 1119 1305 omnium
1150 1275 1223 1302 ore
1253 1266 1436 1302 versetur
1454 1275 1579 1315 quam
1603 1261 1791 1304 doctrina
1816 1270 1859 1305 et
1888 1264 2112 1321 ingenium,
2140 1266 2271 1309 libere

257 1348 417 1396 fateor,
466 1342 572 1383 mihi
610 1355 695 1381 non
735 1354 821 1380 esse
857 1352 1095 1394 persuasum
1125 1337 1181 1377 de
1225 1337 1450 1377 sententiae
1477 1337 1650 1377 veritate
1682 1343 1724 1377 et
1752 1339 1934 1394 primum
1966 1341 2137 1396 quidem
2165 1342 2271 1384 tales

262 1421 467 1477 argutias,
518 1417 661 1470 quales
705 1416 898 1456 exsistunt
929 1428 978 1454 ex
1007 1413 1179 1468 Saw‘gni
1222 1412 1475 1464 coniectura,
1528 1413 1670 1453 abesse
1707 1419 1813 1468 puto
1841 1428 1867 1455 a
1896 1422 2081 1458 veterum
2111 1418 2270 1459 Roma-

260 1508 411 1539 norum
451 1491 715 1546 simplicitate
730 1520 743 1541 ,
788 1490 939 1529 alienas
971 1490 1025 1529 ab
1057 1501 1187 1538 anno,
1238 1500 1324 1541 quo
1362 1486 1545 1542 primum
1576 1487 1663 1527 lata
1694 1494 1755 1528 est
1786 1490 1892 1530 haec
1922 1492 2011 1544 lex,
2070 1504 2150 1549 pro
2179 1505 2269 1533 cer-

258 1573 514 1624 tissumoque
544 1567 685 1608 habeo
724 1570 766 1606 et
793 1580 843 1606 ex
881 1564 1093 1621 analogia,
1132 1568 1179 1605 ut
1209 1561 1315 1619 legis
1345 1562 1497 1604 Furiae
1528 1563 1582 1604 de
1612 1567 1883 1618 testamentis,
1923 1582 2031 1622 quae
2064 1582 2157 1609 cum
2189 1567 2271 1610 hac

260 1653 402 1693 nostra
432 1650 607 1702 optume
638 1642 870 1699 comparari
899 1647 1040 1698 potest
1066 1640 1139 1695 (cf.
1169 1638 1392 1683 Klenzium
1424 1639 1480 1680 ad
1497 1639 1638 1694 legem
1655 1640 1871 1689 Serviliam
1890 1659 1933 1698 p.
1966 1644 2027 1684 14
2058 1651 2100 1685 et
2119 1645 2272 1688 Klink.

261 1725 479 1766 hamerum
510 1726 604 1762 sunt
635 1721 709 1774 qui·
739 1717 911 1760 laudent
942 1716 1052 1758 hanc
1083 1715 1435 1772 comparationem
1453 1714 1763 1771 instituentem),
1804 1724 1846 1759 et
1873 1731 1923 1759 ex
1948 1720 2153 1761 veteribus
2177 1734 2271 1762 mo.

263 1802 396 1849 ribus,
445 1797 730 1853 profusionem
773 1796 832 1833 rei
863 1792 1071 1833 familiaris
1102 1805 1186 1833 non
1223 1791 1346 1832 fuisse
1387 1796 1549 1847 septam
1574 1793 1692 1832 certis
1722 1807 1830 1847 quae
1854 1794 2103 1851 impedirent
2132 1795 2274 1839 formis

263 1891 313 1918 ac
345 1872 694 1922 sollemiitatibus,
738 1870 811 1911 sed
843 1882 1059 1923 quousque
1087 1867 1182 1908 fieri
1212 1866 1350 1920 potuit
1380 1888 1441 1897 —
1469 1880 1566 1908 nam
1598 1869 1765 1909 omnino
1793 1868 1878 1910 non
1908 1877 2075 1923 poterat
2098 1893 2161 1902 —
2186 1885 2274 1913 esse

260 1952 442 1995 vetitam.
504 1946 758 1989 Profusionis
791 1950 900 1997 erat,
941 1952 1114 2000 magnas
1140 1942 1277 1984 facere
1307 1940 1549 1984 donationes
1576 1942 1626 1984 cf.
1653 1943 1803 1999 Polyb.
1836 1944 1928 1986 hist.
1951 1946 2068 2002 reliq.
2099 1947 2269 2000 XXXII,

263 2028 336 2071 13.
366 2032 456 2067 tom
478 2023 559 2065 JV.
593 2023 658 2065 ed.
690 2019 1028 2086 Schweighaeus
1062 2017 1147 2061 Cic.
1179 2017 1234 2060 de
1254 2017 1359 2060 ofiic.
1389 2017 1441 2071 Π,
1474 2015 1547 2072 15,
1588 2020 1760 2063 omnino
1782 2021 2031 2066 meminisse
2048 2022 2271 2075 debemus,

264 2104 315 2145 id
346 2101 463 2157 quod
494 2113 526 2141 a
555 2100 715 2139 nostris
747 2096 993 2152 hominibus
1017 2095 1292 2150 saepissume
1321 2098 1583 2151 usurpatum
1607 2095 1700 2137 ium
1728 2096 2019 2155 impr-ovem&
2044 2103 2272 2143 consuetu..

264 2180 415 2221 dinem
451 2175 591 2226 venit,
642 2175 929 2230 largitionem
958 2172 1161 2228 fundum
1199 2184 1286 2212 non
1324 2170 1492 2211 habere
1529 2170 1587 2225 *).
1649 2172 1767 2214 Idem
1806 2173 1896 2216 fere
1940 2174 2039 2217 dicit
2069 2174 2183 2216 Serv.
2215 2174 2272 2217 ad

263 2256 382 2310 Virg.
411 2253 513 2294 Aen.
541 2250 614 2301 VI,
655 2248 747 2290 611
780 2249 888 2291 bene
919 2248 1101 2291 addidit
1134 2245 1270 2288 Suis
1318 2246 1344 2286 i.
1376 2259 1410 2287 e.
1453 2248 1659 2303 cognatis
1697 2248 1925 2306 affinibus.
1988 2251 2117 2292 Haec
2156 2251 2273 2292 enim

263 2330 417 2389 fuerat
446 2325 575 2385 apud
605 2324 798 2369 maiores
825 2324 1024 2368 donandi
1054 2322 1192 2375 ratio,
1231 2334 1317 2364 non
1336 2321 1536 2380 profusa
1559 2325 1758 2381 passim,
1813 2340 1920 2367 nam
1951 2326 2034 2368 Ιιοο
2064 2332 2128 2369 est
2158 2327 2273 2369 velle

267 2405 480 2449 inutiliter
507 2402 701 2459 perdere
732 2406 827 2443 cett.
889 2400 992 2453 Quis
1022 2405 1105 2453 est,
1137 2398 1210 2454 qui
1239 2399 1414 2453 nesciat,
1448 2401 1591 2455 quanti
1620 2402 1790 2445 fecerint
1807 2401 2010 2456 Romani,
2059 2418 2146 2446 rem
2173 2417 2272 2459 par-

265 2482 438 2525 simonia
469 2479 643 2519 retinere
674 2484 717 2519 et
749 2478 967 2534 diligentia
997 2477 1217 2519 observare
1260 2474 1356 2530 **),
1417 2489 1542 2532 quem
1571 2477 1704 2535 fugit,
1743 2479 1804 2519 ius
1833 2478 2091 2533 Romanum,
2144 2479 2178 2522 si
2208 2480 2272 2521 ni-

310 2621 341 2663 ·)
373 2619 503 2653 Leviter
523 2618 629 2661 attigit
648 2616 729 2652 hanc
748 2628 816 2652 rem
833 2618 970 2660 scriptor
989 2618 1060 2652 VH.
1080 2617 1181 2660 partis
1203 2616 1277 2649 diss.
1300 2617 1341 2650 de
1360 2617 1541 2659 donatione,
1573 2629 1667 2662 quarn
1686 2620 1797 2655 decem
1814 2621 2034 2655 adolescentes
2053 2619 2270 2663 philosophice

373 2681 551 2710 tractarunt
580 2677 727 2718 praeside
750 2676 1006 2711 Cederschioeld.
1037 2676 1172 2710 Lundae
1199 2677 1284 2707 1817
1305 2692 1347 2700 -
1371 2678 1463 2712 1820.
1754 2672 1763 2674 -

291 2753 352 2794 f‘)
374 2752 441 2785 Cic.
468 2750 509 2784 de
541 2751 663 2792 republ.
695 2751 752 2790 lv,
778 2754 812 2790 7,
829 2762 847 2784 e
868 2751 993 2785 Nonio:
1031 2755 1192 2792 optumum
1224 2753 1331 2784 autem
1353 2751 1385 2784 et
1405 2750 1438 2785 in
1459 2751 1593 2794 privati·
1612 2752 1736 2788 familiis
1758 2757 1791 2787 et
1810 2752 1841 2788 in
1862 2752 2026 2794 republica
2040 2749 2175 2792 vectigal
2197 2749 2269 2785 dico
