2519 3077
270 197 413 234 nator:
453 186 640 230 habebat
665 184 774 227 enim
801 184 1088 240 exceptionem
1116 184 1187 226 vel
1225 184 1271 225 in
1299 184 1360 225 ius
1397 187 1641 239 conceptam
1695 184 1738 227 εἰ
1766 196 1852 227 non
1877 185 2094 228 adversus
2124 188 2274 246 legem

271 266 470 312 Cinciam
500 265 737 316 donatum,
778 265 956 318 captum
989 266 1076 315 est,
1117 261 1186 304 vel
1216 261 1260 303 in
1289 260 1445 303 factum
1472 260 1512 302 si
1550 274 1637 303 non
1669 261 1917 305 donationis
1955 277 2120 307 caussa
2145 276 2270 308 mau-

268 343 415 399 oipavi
445 356 479 384 s.
503 339 696 399 promisi
725 350 796 378 me
827 338 1049 379 daturum.
1110 337 1274 394 Legem
1305 342 1444 379 autem
1487 336 1591 378 nihil
1620 338 1840 394 impedisse
1869 341 2085 394 quominus
2116 340 2274 383 valeret

270 418 439 461 donatio
473 417 676 459 donatore
704 414 747 456 in
776 413 977 456 sententia
1009 427 1081 456 sua
1098 419 1329 470 perstante,
1369 413 1588 470 perspicue
1623 413 1722 456 dicit
1738 414 1943 472 Ulpianus
1978 416 2129 472 fragm.
2160 416 2195 470 1,
2229 416 2272 470 1,

268 507 393 550 quem
424 495 564 535 locum
604 497 779 547 optume
806 490 970 532 refinxit
1001 489 1188 532 Cuiacius
1218 491 1324 532 obss.
1353 496 1396 532 et
1425 491 1647 533 emendatt.
1677 492 1788 543 xlx,
1823 491 1905 533 30:
1968 491 2271 549 (Imperfecta

264 571 339 612 lex
380 574 446 611 est
467 568 599 610 veluti
642 566 818 619 Cincia,
873 581 986 623 quae
1026 580 1168 624 supra
1210 571 1377 608 certum
1418 566 1596 608 modum
1628 568 1790 610 donari
1814 567 2042 625 prohibet)
2074 569 2273 625 exceptis

261 645 524 704 quibusdam
565 643 770 700 cognatis
811 647 850 686 et
886 643 926 685 si
962 644 1070 700 plue
1100 643 1311 686 donatum
1342 643 1400 686 sit
1424 658 1510 685 non
1540 645 1761 687 rescindit.
1793 644 1840 699 *)
1896 644 2068 701 Fragm.
2098 645 2192 686 Vat.
2223 639 2269 702 §.

261 720 352 764 266
381 721 500 764 unde
530 720 570 761 si
600 719 696 776 quis
726 724 879 761 contra
910 719 1058 777 legem
1094 718 1292 761 Cinciam
1322 718 1548 777 obligatus
1575 721 1623 775 (i.
1650 734 1684 761 e.
1717 735 1874 763 summa
1904 719 2150 774 immodica)
2181 733 2268 762 non

261 802 442 854 excepto
480 796 676 847 solverit,
727 795 874 836 debuit
915 796 1008 836 dici
1044 800 1245 852 repetere
1285 808 1384 836 eum
1408 808 1553 851 posse.
1618 796 1865 852 Imperfecta
1894 796 2022 852 igitur
2054 796 2122 837 lex
2150 800 2268 837 vetat

260 872 417 928 aliquid
448 873 538 913 fieri
569 877 612 912 at
642 872 800 912 factum
830 884 914 912 non
930 871 1030 912 facit
1056 871 1212 912 irritum
1242 884 1377 926 neque
1407 884 1587 928 poenam
1617 872 1794 929 iniungit
1826 872 1884 924 ei,
1929 873 2000 928 qui
2031 876 2174 914 contra
2201 871 2268 912 le-

259 963 359 1005 gem
387 949 486 989 fecit
517 948 590 1002 (cf.
628 948 817 989 Macroh.
849 947 991 989 Somn.
1019 948 1131 1003 Scip.
1162 948 1213 998 ΙΙ,
1247 947 1306 988 17
1335 948 1405 987 fin.
1432 948 1522 988 Liv.
1563 948 1615 999 X,
1647 947 1677 988 9
1710 949 1764 989 de
1793 949 1891 1004 lege
1921 949 2110 999 Valeria,
2159 961 2268 1002 quae

257 1024 341 1066 hoc
364 1024 511 1065 habuit
542 1024 890 1074 additamentum,
933 1023 965 1063 si
996 1024 1085 1077 quis
1103 1028 1243 1065 contra
1259 1022 1432 1074 fecisset,
1466 1024 1658 1078 improbe
1677 1024 1832 1064 factum
1862 1025 2033 1078 videri),
2083 1022 2130 1064 id
2148 1021 2266 1077 quod

258 1101 368 1143 cadit
397 1101 440 1142 in
469 1105 650 1141 nostram
676 1100 838 1155 legem,
881 1099 992 1140 cuius
1017 1099 1075 1141 vis
1107 1105 1149 1141 et
1179 1098 1350 1140 effectus
1381 1099 1423 1140 in
1455 1099 1606 1141 iudicio
1639 1099 1808 1141 demum
1839 1101 2028 1151 cernitur,
2061 1099 2095 1140 si
2126 1098 2262 1140 dona-

257 1183 323 1219 tor
349 1182 392 1218 et
422 1176 597 1232 donatus
629 1175 867 1216 dissentiunt
898 1175 1103 1216 solutione
1129 1174 1315 1216 nondum
1345 1174 1469 1215 facta.

377 1252 515 1293 Aliam
544 1252 655 1291 viam
683 1251 885 1307 ingressus
912 1255 972 1291 est
1013 1246 1260 1301 Franckius‚
1306 1250 1377 1303 qui
1418 1251 1460 1290 in
1499 1264 1550 1291 eo
1598 1250 1767 1305 quidem
1808 1258 1920 1293 recte
1968 1255 2147 1293 versatus
2191 1255 2264 1302 est,

256 1328 374 1385 quod
404 1327 672 1383 coniungeret
703 1327 875 1367 modum
916 1324 1148 1381 legitimum
1188 1340 1283 1367 cum
1319 1327 1503 1381 personis
1539 1327 1720 1382 exceptis
1759 1328 1784 1368 i.
1826 1342 1859 1368 e.
1900 1328 2019 1382 quod
2062 1327 2266 1382 quasdam

254 1418 450 1461 personas
481 1404 534 1444 ab
566 1403 639 1442 illo
671 1402 801 1442 modo
834 1402 1061 1456 exciperet,
1092 1401 1242 1454 quibus
1271 1401 1314 1441 in
1344 1401 1546 1442 infinitum
1565 1385 1725 1442 >donari
1765 1402 1940 1453 licebat,
1972 1404 2014 1443 in
2046 1416 2096 1443 eo
2123 1408 2262 1443 tamen

256 1482 393 1537 lapsus
425 1485 510 1531 est,
540 1477 657 1533 quod
689 1491 781 1518 eam
811 1490 996 1517 normam
1037 1476 1164 1532 plane
1195 1476 1369 1516 otiosam
1429 1476 1609 1517 reddens
1652 1476 1780 1517 immo
1820 1491 1918 1518 vero
1961 1477 2112 1519 tollens
2150 1475 2262 1518 hanc

256 1557 429 1597 adderet
468 1555 759 1609 suspicionem,
803 1567 927 1607 quam
970 1566 995 1592 a
1039 1550 1245 1592 Franckio
1275 1552 1363 1592 viro
1404 1552 1647 1591 acutissumo
1679 1557 1721 1592 et
1752 1551 2001 1593 doctissumo
2055 1553 2261 1609 originem

256 1633 415 1674 duxisse
445 1632 512 1671 vix
543 1631 654 1670 credi
689 1635 849 1684 potest,
882 1628 1057 1684 legitimi
1083 1628 1199 1668 modi
1229 1633 1324 1668 ante
1354 1641 1505 1668 annum
1535 1627 1627 1668 428
1656 1641 1699 1683 p.
1732 1627 1779 1669 C.
1808 1629 1893 1669 vim
1923 1643 1972 1669 ac
2003 1634 2259 1671 momentum

252 1704 374 1748 fuisse
404 1708 564 1748 nullum
597 1706 659 1759 (p.
691 1704 791 1759 63),
819 1719 914 1744 nam
944 1705 1039 1743 licet
1066 1703 1271 1756 quaedam
1305 1717 1503 1756 personae
1533 1703 1685 1743 fuerint
1716 1710 1913 1756 exceptae
1955 1706 2009 1746 ab
2040 1705 2127 1745 hoc
2163 1719 2260 1746 mo-

254 1784 334 1835 do,
365 1788 505 1824 tamen
535 1794 628 1821 cum
659 1780 726 1821 lex
751 1794 834 1820 non
864 1778 1097 1829 resciderit,
1137 1778 1262 1819 etiam
1299 1784 1456 1819 ceteros
1496 1778 1684 1819 homines
1736 1779 1978 1821 donationes
2015 1779 2261 1821 immodicas

254 1872 402 1914 capere
432 1856 637 1913 potuisse,
669 1855 857 1895 omnibus
900 1860 1038 1895 autem
1081 1852 1370 1895 donationibus
1406 1867 1506 1907 erga
1543 1867 1739 1907 personas
1779 1868 1863 1895 non
1905 1863 2095 1910 exceptas
2136 1856 2259 1897 fuisse

252 1933 357 1990 legis
390 1931 554 1973 Cinciae
585 1928 833 1986 praesidium
866 1928 950 1968 sive
980 1927 1287 1983 exceptionem,
1330 1926 1548 1981 quominus
1594 1933 1849 1983 praestarent
1883 1930 2084 1984 promissa
2128 1930 2257 1973 immo

253 2013 496 2050 revocarent
529 2020 636 2061 quae
668 2005 888 2045 donassent
917 2003 985 2044 vel
1014 2003 1216 2054 minuma,
1245 2002 1322 2043 nisi
1350 2003 1457 2043 haec
1487 2004 1694 2059 mancipio
1735 2004 1942 2045 dedissent
1982 2011 2054 2046 aut
2089 2006 2130 2047 in
2172 2006 2260 2047 iure

252 2085 462 2126 cessissent
492 2098 534 2140 p.
566 2081 638 2123 39.
669 2080 742 2123 45.
803 2080 933 2121 Plane
965 2079 1094 2120 otiosa
1120 2079 1249 2136 igitur
1279 2084 1366 2120 erat
1398 2092 1542 2120 norma
1573 2079 1679 2137 legis
1697 2079 1752 2121 de
1793 2080 1983 2138 legitimo
2031 2080 2181 2134 modo,
2224 2082 2256 2123 si

252 2173 447 2201 revocare
472 2164 640 2215 possent
669 2156 857 2197 homines
887 2169 1029 2197 omnes
1060 2154 1301 2196 donationes
1342 2155 1410 2195 vel
1449 2155 1758 2208 minutissumas,
1813 2156 1930 2211 quod
1970 2156 2085 2196 nullo
2124 2156 2255 2199 modo

252 2242 392 2293 potest
422 2235 603 2291 probari,
651 2247 787 2287 neque
816 2233 1010 2289 probavit
1040 2237 1086 2272 ut
1115 2232 1310 2286 equidem
1341 2232 1436 2281 scio,
1478 2232 1693 2285 quisquam
1722 2231 1813 2272 VV.
1843 2232 1933 2273 DD.
1966 2233 2038 2287 qui
2079 2233 2134 2275 de
2173 2233 2256 2275 hac

251 2313 349 2366 lege
380 2312 637 2364 scripserunt.
700 2309 838 2357 Quam
869 2308 1038 2361 quidem
1085 2308 1321 2362 opinionem
1362 2306 1465 2346 infra
1496 2306 1615 2345 latius
1657 2309 1992 2363 perstringamus,
2042 2310 2125 2348 iam
2155 2325 2254 2349 vero

251 2386 356 2428 nihil
383 2385 457 2427 nisi
482 2383 567 2425 hoc
597 2398 761 2426 moneo:
800 2383 833 2425 si
865 2383 955 2439 quis
984 2382 1236 2424 Franckinm
1266 2381 1382 2437 sequi
1411 2380 1522 2434 velit,
1571 2382 1608 2422 ei
1640 2365 1951 2425 concehendum
1983 2391 2056 2436 est,
2098 2385 2255 2427 Roma-

292 2491 323 2530 ’)
353 2489 391 2521 F.
418 2490 455 2520 A.
478 2487 677 2527 Schiningius
697 2487 728 2518 in
741 2486 918 2519 ,animade.
940 2487 1026 2519 critt.
1048 2487 1097 2518 ad.
1118 2486 1190 2526 Ulp.
1212 2486 1353 2526 fingmm.
1376 2494 1459 2525 spec.
1482 2484 1508 2516 Ι.
1530 2484 1617 2524 Lips.
1640 2487 1725 2516 1830
1746 2496 1776 2526 p.
1797 2488 1841 2517 24
1870 2496 1937 2525 sqq.
1959 2488 2093 2519 aliorum
2114 2487 2155 2519 de
2176 2487 2206 2520 h.
2232 2488 2252 2520 l.

355 2545 553 2579 coniecturas
573 2544 788 2585 perstringens
812 2542 911 2575 hocce
929 2544 1096 2583 proposuit
1110 2543 1377 2583 supplementum:
1419 2540 1568 2574 Perfecta
1603 2542 1655 2573 lex
1689 2546 1749 2581 cst,
1773 2552 1854 2583 quae
1875 2547 1962 2575 vemt
1987 2544 2105 2584 aliquid
2127 2545 2197 2577 fieri
2221 2549 2254 2577 et

356 2604 383 2635 si
411 2602 529 2634 factum
560 2603 604 2633 sit
632 2601 802 2638 rescindit,
839 2601 938 2641 qualis
961 2605 1014 2632 est
1034 2624 1043 2633 .
1066 2625 1076 2634 .
1097 2625 1106 2635 .
1131 2600 1322 2641 Inperfecta
1348 2601 1398 2632 lex
1420 2603 1486 2636 est,
1531 2609 1612 2639 quae
1633 2605 1721 2632 vetat
1740 2601 1855 2640 aliquid
1877 2601 1947 2633 fieri
1971 2606 2005 2633 et
2025 2602 2053 2633 si
2069 2602 2186 2635 factum
2211 2602 2255 2634 sit

355 2670 419 2694 nou
436 2659 586 2692 rescindit
604 2668 664 2692 nec
685 2667 818 2700 poenam
835 2657 968 2699 iniungit
990 2657 1031 2696 ei,
1061 2657 1115 2698 qui
1136 2661 1248 2691 contra
1271 2658 1373 2699 legem
1397 2656 1490 2695 fecit,
1530 2657 1630 2698 qualis
1653 2661 1703 2691 est
1724 2657 1776 2692 lex
1796 2657 1919 2699 Cincin,
1958 2669 2040 2701 quae
2069 2660 2138 2701 plus
2160 2669 2253 2701 quam

356 2742 364 2751 .
389 2743 398 2752 .
420 2743 429 2751 .
450 2718 560 2751 donari
579 2717 726 2759 prohibet
748 2721 824 2751 cett.
846 2717 887 2750 cf.
906 2716 1055 2749 Rudorffi
1075 2716 1150 2749 diss.
1172 2726 1202 2758 p.
1224 2720 1268 2750 33
1288 2726 1356 2757 sqq.

1825 2777 1914 2817 3*
