2519 3077
1043 121 1045 123 ¹
1106 113 1170 130 Ψ*
1242 90 1292 134 ²4
1381 110 1462 132 ...-
1585 121 1739 132 .,,..,.,,,
1791 126 1795 130 .

280 220 365 251 nou
402 204 554 266 aperiri
585 211 629 247 at
669 209 781 247 certe
818 202 1015 245 illustran
1054 200 1268 246 affirmans
1305 216 1360 245 ne
1400 202 1517 245 nimis
1552 189 1645 245 eum
1687 202 1876 247 laudasse
1904 203 2067 260 videar,
2116 224 2202 254 non
2232 212 2283 253 sit

281 283 518 324 verendum.
584 279 739 322 Verum
780 279 888 319 enim
926 291 1028 320 vero
1070 292 1199 334 quum
1237 276 1355 319 haud
1397 277 1569 335 exiguus
1600 284 1704 321 esset
1734 279 1921 323 locorum
1950 294 2162 339 numerus,
2211 286 2283 343 qui

281 360 367 400 sine
404 359 499 399 iuris
532 358 696 399 scientia
734 354 924 410 intellegi
965 368 1048 396 non
1068 359 1249 413 possent,
1280 359 1480 409 quantum
1509 354 1632 409 potui
1660 357 1860 410 temporis
1892 357 2096 399 collocavi
2120 359 2164 400 in
2193 361 2283 402 iure

281 432 489 484 Romano,
527 432 614 487 legi
638 429 887 486 praecipuos
916 429 1060 485 legum
1090 428 1225 470 fontes
1252 442 1276 469 a
1305 427 1511 469 veteribus
1541 441 1646 482 quos
1677 428 1864 472 classicos
1890 437 2039 473 vocant
2069 445 2284 486 conserua-

282 514 349 549 tos
389 490 653 563 scriptoribus
690 511 733 547 ct
779 518 976 560 magnam
1005 510 1170 559 partem
1200 503 1558 560 iurisprudentiam
1587 498 1880 559 professorum.
1941 507 2072 559 Quod
2102 490 2285 550 studium

282 589 398 624 tanto
429 595 572 622 amore
601 594 669 621 me
699 579 900 635 implevit,
944 584 990 620 ut
1006 592 1076 641 me
1106 578 1303 638 cohibere
1332 592 1416 621 non
1436 579 1656 640 potuerim,
1700 581 1916 634 quominus
1938 596 2157 625 commune
2186 583 2286 639 phi-

283 657 527 712 lologorum
561 655 808 696 desiderium
838 652 1035 709 explendi
1065 654 1244 696 facerem
1272 649 1503 710 periculum
1524 653 1904 709 conscriberemque
1934 656 2086 698 librum
2117 658 2173 699 de
2200 659 2286 700 iure

282 733 475 776 Romano
507 745 644 787 prope
674 730 783 773 diem
814 729 1045 783 edendum,
1092 730 1249 785 inquo
1279 729 1538 779 conficiendo
1567 729 1613 770 id
1644 729 1746 771 mihi
1787 736 1875 771 erat
1905 734 2189 788 propositum,
2240 740 2287 774 ut

283 809 459 849 lectores
488 808 549 848 ius
576 820 658 847 non
687 804 931 861 profitentes
962 806 1004 847 in
1034 806 1133 847 locis
1159 811 1345 848 veterum
1376 804 1432 846 ad
1461 805 1522 845 ius
1551 806 1833 861 spectantibus
1864 809 2204 849 commentarium
2234 822 2288 849 ne

284 884 414 938 longe
454 881 808 936 circumspicerent
841 886 882 921 et
915 881 1252 936 explicationem,
1299 881 1373 922 Icti
1398 894 1496 921 vero
1528 886 1575 920 ut
1604 880 1809 921 haberent
1837 881 2017 922 indicem
2048 895 2191 924 eorum
2220 881 2287 923 lo-

283 971 427 1001 corum
453 957 810 1014 copiosissumum‚
860 956 931 1011 qui
957 956 1318 998 cohaerentwum.
1348 956 1534 1012 ipsorum
1574 955 1801 1012 discipl'ma.
1861 957 1926 999 Ac
1965 962 2127 1004 tautum
2157 958 2286 1009 abest,

282 1040 329 1075 ut
348 1034 613 1089 neglexerim
647 1039 751 1086 quot
783 1038 1019 1086 quantaque
1060 1032 1298 1072 adiumenta
1327 1032 1381 1072 ad
1412 1038 1597 1072 veterum
1628 1032 1756 1072 libros
1781 1031 2048 1087 explicandos
2079 1033 2288 1074 attulerint

279 1110 354 1152 lcti
393 1098 637 1149 recentiores
676 1108 785 1158 aevi,
837 1113 883 1148 ut
932 1114 1114 1148 summos
1153 1107 1201 1147 iis
1243 1121 1370 1163 agam
1411 1107 1564 1164 gratias
1603 1107 1787 1162 inprimis
1835 1107 2006 1148 scholae
2059 1107 2198 1162 quael.
2218 1107 2288 1148 hi-

280 1185 429 1226 storica
458 1184 539 1224 dici
566 1184 715 1233 voluit,
756 1183 799 1223 in
831 1197 913 1237 qua
944 1183 1104 1224 luminis
1135 1183 1259 1223 instar
1276 1183 1413 1237 fulget
1444 1189 1589 1223 auctor
1619 1189 1661 1222 et
1689 1188 1820 1223 stator
1850 1182 2083 1223 Fridericus
2111 1182 2286 1223 Carolus

279 1259 526 1315 Savignius,
577 1258 699 1299 decus
734 1258 998 1299 Berolinense
1041 1259 1244 1311 multique
1276 1259 1345 1298 alii
1355 1271 1393 1313 ,s
1415 1271 1597 1312 quorum·
1614 1259 1789 1298 nomina
1818 1258 1975 1297 referre
2002 1259 2178 1312 longum
2215 1264 2286 1297 est.

279 1334 339 1375 Hi
370 1334 479 1374 enim
506 1333 581 1373 viri
613 1332 907 1373 controversias
937 1331 1160 1373 multorum
1192 1332 1423 1373 seculorum
1444 1332 1653 1374 oblivione
1672 1333 1840 1374 obrutas
1869 1331 2170 1383 resuscitatum,
2194 1332 2288 1373 iuris

281 1411 512 1465 legumque
550 1409 685 1448 fontes
729 1421 778 1447 ex
811 1407 1001 1462 dispersis
1041 1407 1299 1463 collegerunt
1337 1407 1574 1448 testimoniis
1606 1414 1649 1448 et
1678 1418 1789 1462 quae
1812 1405 1958 1462 ignota
1990 1413 2123 1449 essent
2154 1420 2287 1462 quan-

281 1492 369 1524 tum
401 1484 491 1522 fieri
530 1483 669 1538 potuit
710 1496 788 1537 per
830 1482 1079 1521 coniecturas
1110 1478 1356 1538 supplerunt
1387 1495 1545 1523 summa
1584 1483 1810 1540 sagacitate
1841 1482 2105 1539 excogitatas.
2166 1481 2224 1523 Et
2254 1482 2286 1524 si

279 1560 385 1614 quid
425 1566 486 1599 est
517 1559 633 1612 quod
663 1558 914 1613 reprehendi
940 1559 1079 1612 possit,
1123 1559 1165 1596 in
1197 1572 1249 1597 eo
1280 1559 1454 1598 fortasse
1484 1559 1682 1609 cernitur,
1733 1558 1850 1612 quod
1891 1559 1952 1598 illi
1990 1559 2065 1598 viri
2105 1558 2288 1599 instituta

280 1636 439 1676 serioris
463 1634 607 1674 aetatis
629 1633 864 1674 evolventes
895 1631 1000 1672 haec
1030 1647 1155 1687 saepe
1183 1634 1415 1673 revocarint
1446 1633 1500 1673 ad
1521 1640 1685 1688 tempus
1712 1634 1866 1673 liberae
1896 1634 2162 1688 reipublicae,
2204 1647 2287 1685 qua

279 1722 327 1751 re
354 1709 472 1765 leges
502 1708 695 1748 exsistunt
735 1706 1017 1762 impeditiores
1048 1712 1090 1748 et
1121 1708 1253 1763 magis
1285 1708 1570 1764 complicatae,
1620 1721 1746 1763 quam
1776 1708 1918 1762 quales
1949 1708 2089 1764 priscis
2116 1714 2286 1763 tempo-

281 1786 395 1826 ribus
428 1783 549 1824 fuisse
582 1783 824 1823 existumare
854 1795 1081 1837 possumuS,
1119 1783 1177 1823 ita
1204 1788 1249 1823 ut
1280 1789 1464 1825 nostrum
1496 1790 1621 1835 esset,
1671 1790 1803 1825 certos
1833 1784 1935 1825 fines
1966 1782 2212 1825 constituere
2241 1798 2289 1825 ac

280 1861 478 1901 terminos
519 1866 562 1898 et
602 1858 808 1897 interdum
848 1859 1063 1898 sublucare
1106 1859 1246 1912 potius
1278 1864 1320 1898 et
1353 1859 1594 1910 detrahere,
1645 1872 1770 1913 quam
1804 1859 1991 1899 adiicere.
2053 1858 2287 1913 Utrumque

278 1936 409 1992 igitur
440 1933 688 1988 coniungere
716 1932 873 1981 studui,
916 1933 1090 1971 alterum
1121 1940 1166 1971 ut
1198 1933 1353 1973 fructus
1385 1935 1455 1986 qui
1489 1936 1625 1974 insunt
1654 1936 1695 1974 in
1734 1941 1920 1974 veterum
1951 1934 2087 1984 libris,
2141 1934 2288 1988 quibus

279 2011 506 2054 illustretur
535 2007 699 2050 Tullius
730 2013 870 2049 noster
885 2007 1149 2062 Ictorumque
1169 2008 1368 2059 doctrina,
1388 2016 1575 2051 accurate
1594 2011 1851 2065 colligerem,
1895 2010 2070 2050 alterum
2101 2016 2148 2049 ut
2165 2023 2287 2063 prae-

283 2086 415 2137 sidiis,
449 2071 556 2140 qliae
586 2073 789 2140 praebent
819 2082 878 2123 illi
910 2083 984 2124 viri
1034 2082 1075 2123 in
1106 2083 1235 2138 iisque
1273 2084 1400 2125 nostri
1442 2085 1712 2140 potissumum
1754 2086 1942 2126 homines
1984 2091 2107 2140 grato
2152 2084 2287 2125 animo

283 2168 421 2205 uterer
452 2166 493 2201 et
526 2159 701 2211 delectu,
728 2173 781 2200 ne
811 2158 1079 2200 immiscerem
1109 2173 1133 2199 a
1164 2165 1350 2200 veterum
1381 2160 1568 2202 institutis
1600 2161 1745 2203 aliena.
1807 2161 1997 2212 Quorum
2026 2159 2194 2214 quidem
2226 2159 2287 2199 vi—

283 2250 423 2279 rorum
465 2235 626 2276 veniam
666 2236 899 2290 praefatus,
960 2235 1041 2275 hac
1072 2234 1286 2276 occasione
1317 2236 1458 2277 oblata
1488 2237 1543 2277 de
1574 2238 1778 2279 nonnullis
1811 2237 1929 2278 Tulli
1959 2236 2059 2277 locis
2093 2235 2288 2276 disserere

284 2327 413 2363 ausus,
431 2326 521 2352 sum
540 2325 590 2352 eo
616 2310 787 2352 consilio
808 2317 853 2350 ut
871 2309 1104 2365 philologi,
1147 2311 1295 2364 quibus
1310 2312 1582 2366 potissumum
1601 2312 1707 2353 haec
1722 2313 1857 2354 scribo
1877 2312 2135 2351 voluntatem
2153 2323 2288 2349 meam

284 2387 477 2431 Tullium
495 2384 725 2428 illustrandi
745 2384 992 2442 intellegere
1021 2386 1180 2442 possint
1211 2392 1253 2428 et
1266 2385 1459 2439 iudicare,
1499 2390 1642 2443 quanti
1673 2388 1829 2430 fructus
1860 2400 1910 2429 ex
1938 2386 2076 2428 studio
2107 2386 2286 2427 Ictorum

282 2462 518 2523 redundent
545 2462 587 2503 in
620 2467 804 2502 auctores
835 2460 1041 2514 classicos,
1083 2466 1366 2517 quantumque
1404 2461 1488 2504 hoc
1527 2463 1774 2520 scriptorum
1810 2476 1941 2519 genus
1992 2461 2176 2503 conferat
2212 2460 2284 2502 illi.

281 2538 399 2580 Tum
428 2537 648 2593 apparebit
679 2537 822 2588 etiam,
852 2548 952 2577 num
982 2536 1076 2577 satis
1106 2542 1376 2594 praeparatus
1410 2538 1645 2580 accesserim
1687 2536 1744 2579 ad
1788 2550 1894 2596 opus
1938 2535 2043 2577 illud
2085 2547 2285 2592 magnum

280 2629 332 2657 ac
359 2612 514 2656 viribus
542 2614 642 2654 meis
669 2614 821 2665 maius,
853 2613 971 2667 quod
1002 2620 1048 2655 ut
1079 2614 1158 2656 VV
1187 2614 1268 2655 DD
1299 2615 1470 2656 consilio
1503 2629 1576 2657 suo
1608 2616 1803 2657 adiuvent
1836 2628 1913 2655 nec
1937 2613 2041 2656 mihi
2074 2611 2298 2654 invideant--

282 2689 477 2733 amdlium
505 2702 624 2733 sumn
653 2703 702 2730 ac
730 2688 1003 2745 praesidium,
1033 2689 1299 2732 vehementer
1330 2691 1456 2746 cupio
1487 2697 1529 2731 et
1561 2705 1645 2731 oro.
1947 2685 1965 2690 ’

1925 2799 1939 2819 V
