2519 3077
1093 103 1463 144 —14..-

283 210 370 261 esse
399 223 525 275 atque
555 217 836 260 confirmatam
867 212 976 270 (Cic.
1009 213 1064 258 de
1089 215 1204 272 legg.
1234 212 1264 256 1.
1297 214 1368 267 12,
1418 213 1488 256 16.
1520 215 1572 257 ef.
1603 217 1784 275 interptt.
1817 231 1884 275 ap.
1916 216 2062 261 Creuz.
2092 222 2125 274 1,
2164 222 2206 264 6.
2237 225 2280 280 p.

283 293 399 349 m),
448 295 513 336 ad
542 295 675 351 quain
705 306 788 335 non
814 290 934 333 docti
964 290 1046 333 sed
1059 290 1206 348 sacti,
1255 304 1341 333 non
1371 290 1553 333 instituti
1584 292 1667 334 sed
1697 286 1847 336 imbuti
1888 307 2059 347 samus,
2119 311 2144 337 a
2182 310 2281 340 vem

283 382 369 413 non
386 370 661 412 aberrabimus
687 374 932 420 statuentes,
978 381 1098 423 reges
1130 380 1222 408 cum
1252 367 1441 408 viderent
1471 368 1636 424 legibus
1668 368 1845 423 antiquis
1875 371 1990 412 illam
2018 385 2142 427 saepe
2174 386 2280 429 neg-

283 447 369 502 legi
410 446 724 499 durioribusque
765 444 909 499 legum
961 442 1262 483 conditionibus
1303 457 1502 483 summam
1547 443 1731 484 iniuriam
1764 458 1857 485 cum
1890 460 2049 487 summo
2080 447 2166 487 iure
2198 461 2281 489 non

282 536 374 561 raro
412 534 496 560 esse
538 521 819 570 coniunctam,
871 519 913 558 in
955 518 1203 571 quibusdam
1244 519 1389 557 caussis
1434 519 1597 572 legibus
1638 520 1791 559 omissis
1830 533 2006 574 aequum
2040 528 2082 562 et
2124 522 2280 563 bonum

282 610 365 635 esse
405 602 565 635 secutos
605 600 646 634 et
684 594 717 634 εἰ
751 594 905 633 bonum
946 593 1156 632 videretur
1195 593 1380 647 partibus
1411 607 1495 632 non
1526 594 1687 634 dedisse
1724 596 1921 645 iudicem,
1969 595 2043 635 sed
2083 598 2279 638 arbitrum

268 660 467 728 eligendi
496 669 722 727 permisisse
752 674 1012 726 potestatem.
1075 668 1190 710 Nihil
1220 674 1358 709 autem
1388 668 1511 710 fuisse
1541 673 1635 711 tam
1660 671 1820 727 regale
1847 685 1978 727 quam
1997 671 2278 727 explanatio-

280 760 381 788 nem
406 745 637 802 aequitatis
672 745 729 787 ait
760 744 907 786 Cicero
928 745 981 785 de
1011 758 1097 801 rep.
1128 744 1180 796 V,
1221 743 1262 795 2,
1310 743 1351 796 3,
1394 744 1551 786 addens
1582 745 1628 786 in
1658 759 1747 802 qua
1787 747 1897 788 iuris
1938 752 2036 788 erat
2063 747 2278 804 interpre-

282 823 407 871 tatio,
444 820 559 877 quod
590 822 658 862 ius
681 822 855 878 privati
878 826 1032 877 petere
1062 819 1258 861 solebant
1285 834 1316 860 a
1346 819 1542 876 regibus.
1602 821 1760 862 Arbitri
1790 829 1927 863 autem
1949 829 2062 863 erant
2092 823 2279 864 homines

280 897 427 954 privati
457 897 627 954 fortasse
658 911 743 938 non
774 896 862 938 dati
889 911 913 937 a
938 910 1038 953 rege
1071 896 1126 937 ad
1157 896 1272 936 litem
1301 895 1565 937 iudicandam
1582 897 1656 937 sed
1688 912 1712 938 a
1743 898 1820 939 reis
1839 898 1893 939 de
1921 898 2086 952 aliaqua
2116 912 2161 939 re
2194 899 2277 940 dis-

280 966 549 1029 ‹·eptantibus,
591 973 663 1014 ubi
693 973 788 1014 iuris
817 973 943 1014 stricti
974 972 1104 1013 minus
1141 977 1244 1013 esset
1282 972 1526 1023 necessaria,
1564 986 1690 1027 quam
1731 974 1791 1014 rei
1830 988 1863 1014 e.
1904 989 1937 1014 c.
1976 974 2066 1029 agri
2108 973 2278 1014 domus-

279 1059 361 1103 que
391 1048 569 1099 scientia,
603 1054 777 1104 propter
787 1047 1070 1088 auctoritatem
1097 1060 1315 1101 rerumque
1346 1047 1625 1103 cognitionem
1655 1054 1702 1088 ut
1729 1049 1971 1090 aestumatio
2003 1054 2142 1104 posset
2175 1048 2275 1099 fieri,

277 1125 408 1164 libero
438 1138 632 1163 consensu
671 1124 810 1173 electi,
853 1125 962 1177 iique
1000 1124 1253 1162 vocabantur
1291 1123 1433 1162 arbitri
1460 1129 1501 1162 et
1518 1136 1614 1163 mox
1634 1123 1759 1162 etiam
1781 1137 1804 1162 a
1838 1137 1940 1179 rege
1971 1138 2000 1163 s.
2034 1124 2275 1179 magistratu

276 1198 494 1249 dabantur,
532 1205 578 1238 ut
611 1213 694 1238 non
735 1206 819 1239 tam
852 1199 908 1239 de
937 1199 1031 1239 iuris
1063 1197 1357 1247 controversia,
1406 1212 1531 1251 quam
1575 1198 1630 1238 de
1660 1213 1706 1239 re
1740 1199 1829 1253 ipsa
1861 1205 2155 1253 cognoscerent
2185 1212 2278 1238 sen-

276 1274 484 1328 tentiaque
514 1288 586 1314 sua
617 1274 732 1315 litem
764 1274 1026 1315 terminarent
1057 1286 1107 1315 ex
1147 1272 1301 1328 regulis
1334 1273 1434 1313 boni
1466 1279 1509 1314 et
1540 1275 1670 1329 aequi.
1733 1274 1863 1315 Vetus
1893 1280 2031 1314 autern
2062 1272 2182 1314 fuisse
2212 1273 2277 1314 in·

276 1350 462 1389 stitutum
493 1349 539 1401 *)
571 1350 728 1404 insigne
759 1350 961 1404 praebent
994 1348 1271 1389 testimonium
1304 1348 1477 1388 obscura
1508 1349 1635 1389 verba
1665 1349 1743 1390 ΧΠ
1773 1348 2006 1389 tabularum
2026 1348 2140 1405 apud
2170 1348 2282 1390 Fest.

275 1438 310 1463 v.
342 1424 561 1463 vindiciae:
610 1424 651 1464 si
691 1423 931 1465 vindiciam
956 1423 1140 1481 salsam
1172 1424 1293 1474 tulit,
1343 1423 1383 1465 si
1421 1424 1525 1465 velit
1556 1424 1595 1466 is
1626 1456 1636 1466 .
1667 1457 1677 1467 .
1711 1456 1720 1466 .
1764 1428 1935 1481 praetor
1967 1423 2157 1467 arbitros
2188 1429 2278 1467 tres

274 1500 404 1551 dato,
449 1512 598 1540 eorum
630 1498 814 1541 arbitrio
845 1532 854 1541 .
888 1532 897 1541 .
930 1532 939 1541 .
959 1498 1143 1557 fructus
1174 1497 1384 1556 duplione
1402 1498 1615 1542 damnum
1635 1500 1849 1552 decidito,
1884 1515 1907 1542 a
1930 1499 2120 1553 Cuiacio‚
2152 1514 2277 1558 quem

274 1590 415 1614 omnes
454 1576 540 1615 fere
579 1576 705 1615 secuti
736 1581 848 1626 sunt,
901 1576 956 1615 sic
986 1576 1195 1614 restituta:
1246 1575 1286 1614 si
1324 1588 1362 1614 v.
1382 1573 1429 1631 f.
1461 1579 1489 1615 t.
1527 1576 1595 1615 rei
1633 1576 1725 1616 sive
1765 1576 1855 1617 litis
1885 1575 2076 1617 arbitros
2106 1580 2133 1616 t.
2167 1575 2209 1617 d.
2243 1590 2277 1619 e.

274 1651 448 1690 arbitrii
474 1650 662 1705 fructus
702 1651 744 1690 d.
777 1651 819 1689 d.
862 1651 931 1697 d.‚·
970 1651 1139 1690 Ursinus
1181 1657 1319 1689 autem
1363 1651 1557 1689 emendat
1597 1651 1637 1691 si
1678 1665 1715 1690 v.
1734 1650 1781 1707 Ι.
1823 1656 1864 1701 t,
1896 1652 1935 1691 si
1966 1651 2070 1690 velit
2102 1653 2160 1702 is,
2205 1653 2278 1708 qui

272 1727 545 1779 possessione
577 1726 771 1766 deiectus
803 1731 866 1765 est
897 1732 990 1765 cett.
1024 1726 1075 1764 cf.
1107 1725 1294 1764 Dirkseni
1326 1725 1496 1765 Uebers.
1529 1725 1569 1764 d.
1604 1726 1713 1765 Vers.
1747 1740 1781 1765 z.
1813 1728 1919 1766 Krit.
1952 1727 1992 1765 d.
2024 1727 2103 1766 ΧΠ
2128 1727 2277 1767 Tafel-

275 1800 468 1856 fragmm.
501 1816 543 1855 p.
577 1798 668 1841 715
700 1816 789 1854 sqq.
822 1798 1001 1841 Heffteri
1027 1799 1113 1839 obs.
1148 1799 1236 1839 Vll.
1269 1798 1324 1839 ad
1357 1799 1448 1840 Gai.
1480 1800 1549 1840 lv.
1602 1800 1724 1841 Patet
1766 1801 1913 1854 igitur,
1960 1802 2031 1854 qui
2063 1801 2168 1842 falso
2201 1803 2278 1842 dc-

274 1880 386 1916 creto
420 1876 620 1932 praetoris
662 1890 748 1916 rem
777 1875 959 1930 aliquam
998 1873 1253 1924 obtinerent,
1296 1879 1343 1915 ut
1373 1874 1508 1916 malae
1537 1873 1636 1918 fidei
1655 1888 1950 1931 possessorem,
1993 1889 2156 1931 poenae
2182 1877 2276 1919 loco

274 1952 433 1992 dedisse
463 1951 618 1992 fructus
649 1951 823 2007 duplos,
867 1950 921 1990 de
951 1950 1099 2005 quibus
1131 1948 1271 1989 arbitri
1300 1949 1537 1990 iudicarent.
1597 1949 1764 1991 Eodem
1792 1951 1920 1991 modo
1952 1951 2091 1992 arbitri
2113 1951 2271 1993 daban-

272 2033 363 2078 tur,
407 2027 439 2068 si
472 2026 526 2068 de
556 2027 704 2067 finibus
736 2032 840 2067 esset
872 2025 1167 2075 controversia,
1212 2024 1296 2065 sive
1326 2024 1357 2065 si
1388 2025 1506 2065 vicini
1536 2025 1642 2066 inter
1672 2040 1715 2066 se
1744 2026 1976 2081 iurgarent,
2027 2033 2073 2066 ut
2104 2025 2187 2067 Cic.
2220 2028 2275 2068 de

272 2103 376 2159 legg
421 2103 449 2153 Ι,
478 2102 550 2153 21,
594 2100 655 2142 55
688 2116 744 2143 ex
775 2102 862 2142 hac
893 2106 1036 2143 autem
1069 2114 1153 2143 non
1183 2113 1333 2141 rerum
1363 2100 1445 2141 sed
1474 2100 1703 2143 verborum
1722 2101 1951 2143 discordia
1979 2103 2275 2144 controversia

272 2186 379 2220 nata
413 2184 476 2220 est
509 2179 565 2219 de
581 2178 781 2236 finibus:
823 2178 867 2218 in
899 2170 987 2233 qua
1018 2177 1222 2232 quoniam
1253 2176 1563 2231 usucapionem
1605 2176 1709 2218 XII
1734 2177 1914 2219 tabulae
1941 2178 2060 2219 intra
2090 2178 2273 2234 quinque

314 2329 345 2368 ⁸)
379 2328 415 2360 Ρ.
440 2330 481 2360 G.
500 2327 708 2360 Hnbrechtus
730 2327 788 2368 (de
810 2326 932 2358 iudiciis
963 2325 1037 2357 diss.
1071 2324 1176 2364 Lnga.
1198 2324 1270 2356 Bat.
1300 2326 1393 2355 1827.
1416 2334 1444 2365 p.
1469 2325 1529 2367 19)
1550 2327 1689 2358 arbitros
1712 2332 1784 2359 ante
1805 2327 1921 2358 iudicia
1938 2325 2116 2358 introducta
2145 2331 2177 2359 et
2200 2333 2274 2360 ante

378 2386 565 2417 societatem
582 2386 703 2418 civilem
722 2386 807 2417 uitro
833 2385 953 2416 electo·
975 2393 1046 2415 esse
1067 2387 1188 2420 censet,
1221 2382 1411 2413 arbitrorum
1432 2392 1451 2414 a
1472 2384 1658 2423 magistratu
1689 2385 1834 2417 datorum
1856 2393 1894 2415 ue
1914 2384 2012 2415 verbo
2033 2384 2157 2423 quidem
2179 2394 2268 2416 men·

375 2445 495 2475 tionem
516 2443 645 2475 faciens.
688 2444 763 2474 Sine
785 2443 881 2474 dubio
903 2440 1064 2473 confundit
1084 2445 1208 2480 tempus
1230 2438 1317 2476 illud,
1354 2449 1417 2479 quo
1437 2440 1485 2470 ius
1508 2441 1643 2472 nondum
1666 2447 1736 2473 erat
1756 2441 1947 2481 descriptum
1967 2450 2038 2473 cum
2061 2445 2166 2473 aetate
2187 2443 2269 2492 ἰμάἰ-

378 2503 509 2538 ciorum,
540 2501 654 2540 quibus
680 2501 767 2531 initio
791 2510 882 2531 omne
906 2501 953 2530 ius
976 2499 1168 2535 continetur,
1213 2507 1283 2528 nam
1305 2507 1490 2536 quamquam
1513 2508 1575 2529 non
1592 2509 1675 2538 nego
1699 2503 1852 2538 tempore,
1886 2508 1948 2538 quo
1969 2497 2108 2529 homines
2129 2509 2167 2530 ex
2192 2500 2267 2530 feri—

379 2564 445 2588 tate
465 2558 505 2587 ad
527 2558 797 2589 mansuetudinem
830 2557 964 2587 nondum
994 2560 1100 2587 essent
1121 2554 1248 2586 deducti
1270 2562 1372 2593 neque
1394 2555 1443 2585 ius
1464 2554 1598 2586 divinum
1618 2564 1721 2594 neque
1745 2554 1909 2587 humanum
1939 2551 2107 2593 inventurn,
2152 2556 2270 2587 libero·

376 2616 516 2646 arbitros
537 2615 634 2646 fuisse
655 2616 789 2655 priores,
821 2620 924 2647 tamen
948 2620 1020 2654 post
1040 2614 1151 2645 urbem
1172 2612 1330 2644 conditam
1354 2616 1386 2642 et
1409 2612 1456 2643 ius
1483 2613 1574 2644 civile
1596 2614 1799 2652 descriptum,
1828 2622 1891 2643 non
1909 2613 2048 2643 arbitros
2070 2613 2168 2643 fuisse
2190 2622 2269 2643 con-

373 2671 482 2710 tendo,
515 2672 567 2712 qui
594 2673 684 2713 primi
705 2674 752 2705 ius
774 2672 926 2709 dicerent,
965 2672 1022 2704 sed
1047 2670 1184 2703 iudices:
1217 2669 1259 2700 illi
1279 2673 1391 2708 postea
1411 2675 1626 2707 accesserunt,
1656 2668 1868 2711 ut'permutta
1890 2670 1961 2708 alin,
2008 2679 2090 2709 quae
2122 2669 2187 2701 iure
2211 2679 2267 2701 na-

375 2736 464 2761 turae
488 2731 594 2770 priora
617 2730 648 2760 in
668 2731 716 2760 ius
740 2730 831 2760 civile
851 2731 965 2760 sensim
987 2733 1113 2767 recepta
1133 2732 1214 2757 sunt.
