2519 3077
1087 116 1426 161 ..τ-

241 231 369 289 opus)
397 233 422 274 i.
451 246 484 274 e.
516 233 715 287 actiones,
748 230 898 286 quibus
923 235 1079 273 cenam
1108 229 1330 288 pecuniam
1370 229 1453 270 sive
1472 239 1476 242 ’
1498 240 1587 271 rem
1624 231 1831 286 petimus,
1854 229 2005 277 cuim
2029 234 2252 282 formulam

240 309 425 362 servavit
444 309 536 351 Gai.
567 307 650 359 lv‘,
682 306 756 347 41.
787 304 860 346 43.
911 305 980 349 .Βί
1002 311 1163 363 paret,
1195 305 1457 349 Numerium
1496 303 1754 361 Negidium·
1774 309 1895 352 Aulo
1927 310 2114 368 -Agere'o
2156 324 2249 355 σεεν

239 385 412 426 tertium
444 384 597 426 decem
624 381 773 423 millia
802 381 917 423 dare
946 387 1173 438 oportere,
1201 382 1338 424 index
1369 380 1631 423 Numerium
1661 381 1912 439 Negidium
1952 388 2072 429 Aulo
2119 388 2248 445 Age-

239 460 305 501 rio
337 459 426 503 SS.
460 459 510 501 X
535 459 680 500 millia
710 458 969 500 condemnass
1032 458 1073 500 sa·
1102 471 1188 499 uon
1212 463 1349 514 paret
1391 455 1581 499 absolve.
1642 457 1750 499 Sunt
1780 467 1917 505 autem
2050 498 2053 501 Α

242 557 245 559 -
301 536 327 575 1
340 567 352 587 ‚
385 534 662 575 condictiones
705 548 756 575 ex
774 535 896 590 lege,
928 534 1074 589 quibus
1117 534 1207 575 dari
1245 539 1440 589 oportere
1472 532 1724 586 intenditur,
1767 549 1801 576 e.
1844 551 1878 576 c.
1916 539 2012 594 lege
2044 540 2246 595 Aquillia,

235 624 371 665 neque
401 611 591 667 exceptio
620 623 671 651 ex
701 623 840 651 mussa
869 609 960 666 ipsa
989 616 1135 665 potest
1164 610 1306 651 locum
1339 608 1506 650 habere.

296 686 351 738 24
378 687 551 742 negotia
581 686 804 742 simplicia,
836 700 886 728 ex
916 686 1064 741 quibus
1102 686 1259 742 petitur
1308 692 1421 726 certa
1457 686 1657 741 pecunia,
1703 687 1845 741 qualia
1881 694 1975 731 sunt
2018 690 2243 746 stipulatio,

234 762 437 818 obligatio
468 761 697 803 litterarum
729 762 811 803 sive
836 762 1079 814 verborum,
1110 762 1243 803 mutui
1283 761 1420 812 datio,
1448 760 1498 801 cf.
1545 759 1631 803 Cic.
1681 775 1761 817 pro
1802 764 1925 805 Rosc.
1969 764 2087 807 Com.
2119 763 2161 807 5.
2201 764 2243 807 9.

233 837 305 878 ubi
335 836 513 877 Fannius
540 837 843 878 condictionem
874 843 1009 878 certae
1039 838 1237 892 pecuniae
1270 835 1484 893 (pecunia
1507 835 1655 891 petita
1684 841 1746 878 est
1778 840 1927 894 certa)
1958 840 2129 882 instituit
2159 854 2240 895 pro

231 913 391 953 actione
423 912 478 953 de
508 914 640 966 socio,
673 927 755 967 qua
785 914 823 953 ei
853 914 1022 966 proprie
1058 918 1147 953 erat
1177 912 1398 963 utendum,
1431 924 1525 952 cum
1555 911 1875 964 amplecteretur
1905 928 2074 956 omnem
2103 916 2242 956 socio-

228 1001 322 1028 rum
350 987 541 1028 fraudem
556 1018 569 1038 ‚
600 993 647 1028 ut
678 988 893 1041 perspicue
924 987 1101 1041 explicat
1128 985 1276 1030 Cicero
1289 1018 1301 1040 ,
1334 987 1514 1041 denique
1544 991 1657 1027 certa
1675 988 1850 1039 pecunia
1878 989 2035 1031 credita
2068 990 2121 1033 cf.
2148 990 2241 1047 leg·

231 1060 386 1118 Cisalp.
417 1060 490 1104 21.
559 1062 643 1105 Gai
671 1061 751 1116 IV,
785 1061 887 1105 171.
1474 1061 1479 1065 ⁸

289 1137 346 1188 8,
377 1138 656 1181 condictiones
683 1139 769 1181 sine
794 1153 934 1181 mussa
961 1144 1158 1191 vocatae,
1189 1144 1236 1180 ut
1266 1139 1432 1194 quaevis
1464 1140 1715 1193 numeratio,
1746 1154 1855 1197 quae
1870 1141 2047 1182 reddere
2077 1140 2239 1198 aliquid

228 1213 348 1255 alicui
374 1216 653 1256 necessitatem
679 1216 868 1270 imponit.
939 1216 1028 1256 Nec
1056 1216 1189 1257 minus
1215 1215 1511 1256 vindicatione-,s
1542 1221 1585 1256 et
1612 1217 1718 1258 aliae
1748 1223 1864 1258 erant
1889 1218 2069 1258 actiones
2107 1218 2236 1259 stricti

227 1289 342 1341 iuris,
372 1291 416 1331 in
445 1291 594 1346 quibus
620 1290 744 1331 iudex
773 1290 979 1332 formulae
1008 1291 1157 1333 finibus
1188 1291 1363 1332 inclusus
1394 1291 1540 1331 statim
1572 1291 1887 1334 condemnabat«
1909 1308 2028 1335 reum
2059 1298 2134 1334 aut
2159 1292 2236 1335 ab·

226 1364 435 1418 solvebat,
466 1366 499 1407 si
530 1365 646 1406 nulla
707 1366 897 1423 exceptio
926 1366 969 1407 in
996 1366 1085 1407 iure
1115 1372 1220 1408 esset
1249 1365 1470 1420 adscripta.

348 1441 479 1481 Plane
508 1442 589 1481 alia
620 1447 681 1481 est
709 1442 815 1481 ratio
845 1442 1052 1482 actionum
1082 1442 1407 1491 arbitrariarum,
1439 1454 1548 1493 qnae
1576 1447 1800 1495 propterea
1832 1444 2006 1497 cognitu
2033 1448 2127 1484 sunt
2148 1443 2233 1484 dif-

226 1515 375 1568 ficiles,
408 1517 525 1571 quod
554 1516 699 1558 iisdem
729 1516 817 1558 fere
845 1517 981 1558 verbis
1019 1516 1288 1568 destruuntur,
1337 1529 1463 1571 quam
1508 1516 1646 1557 bonae
1682 1516 1783 1558 fidei
1798 1547 1811 1569 ‚
1853 1516 1899 1558 id
1940 1516 2057 1572 quod
2094 1519 2233 1561 statim

226 1592 453 1645 apparebit.
513 1593 712 1648 Legimus
741 1592 836 1634 lust.
862 1592 957 1634 Inst.
987 1590 1068 1644 IV,
1099 1591 1161 1634 80
1192 1592 1237 1633 iu
1268 1591 1408 1634 bonae
1428 1589 1550 1647 fidei
1580 1596 1730 1633 autem
1760 1592 1938 1635 iudiciis
1971 1592 2117 1637 libera
2142 1607 2231 1650 po-

224 1670 362 1710 testas
398 1668 600 1724 permitti
636 1666 813 1709 videtur
853 1667 990 1710 iudici
1031 1681 1090 1709 ex
1129 1666 1238 1709 bono
1279 1671 1321 1709 et
1358 1679 1497 1724 aequo
1528 1667 1809 1709 aestumaudi
1833 1672 2044 1724 quantum
2085 1670 2231 1711 actori

224 1743 393 1784 restitui
425 1743 585 1784 debeat
611 1748 705 1784 cett.
767 1742 914 1800 Pergit
947 1748 1086 1783 autem
1116 1742 1175 1782 31
1208 1742 1457 1783 Praeterea
1485 1742 1707 1798 quasdam
1747 1743 1943 1784 actiones
1979 1742 2230 1787 marias

223 1819 250 1859 i.
284 1832 319 1860 e.
350 1833 407 1860 ex
436 1818 620 1862 arbitrio
650 1818 811 1860 iudicis
835 1818 1081 1874 pendentes
1111 1818 1421 1874 appellamus,
1452 1817 1498 1858 in
1523 1816 1679 1873 quibus
1720 1817 1808 1859 nisi
1838 1816 2027 1860 arbitrio
2066 1819 2231 1861 iudicis

223 1894 283 1948 is,
313 1908 414 1937 cum
444 1910 526 1952 quo
557 1895 733 1952 agitur,
760 1893 901 1935 actori
937 1893 1217 1950 satiffaciat,
1243 1892 1379 1934 veluti
1409 1904 1507 1933 rem
1547 1892 1751 1934 restituat
1788 1893 1862 1934 vel
1899 1892 2106 1938 exhibeat
2153 1896 2228 1938 vel

222 1971 365 2013 solvat
393 1972 463 2014 vel
494 1985 552 2013 ex
588 1970 744 2012 noxali
789 1982 947 2011 caussa
992 1981 1170 2011 servum
1212 1966 1377 2019 dedat,
1429 1966 1717 2010 condemnari
1757 1966 1928 2010 debeat.
1964 1992 2027 2000 —
2069 1970 2115 2012 m
2156 1970 2228 2013 his

222 2047 385 2102 (enim)
417 2046 658 2088 actionibus
689 2045 754 2099 (et
784 2045 938 2086 ceteris
963 2042 1200 2098 similibus)
1225 2042 1496 2098 permittitur
1525 2042 1662 2084 iudici
1687 2055 1746 2083 ex
1775 2042 1887 2086 bono
1917 2048 1960 2086 et
1990 2057 2128 2100 aequo
2154 2057 2228 2088 se·

221 2123 413 2164 cundum
452 2124 658 2179 cuiusque
682 2122 761 2174 rei,
793 2121 850 2162 de
894 2134 981 2178 qua
1012 2124 1160 2161 actum
1201 2123 1278 2171 est,
1308 2122 1518 2161 natm-am
1548 2122 1802 2161 aestumare
1847 2119 2224 2175 quemadmodum

221 2200 361 2241 actori
390 2197 603 2257 satisfieri
629 2202 838 2254 oporteat.
899 2197 947 2238 ln
972 2209 1055 2250 qua
1085 2194 1322 2236 definitione
1352 2200 1570 2248 utu-amque
1599 2195 1806 2234 actionem
1835 2206 1887 2235 ex
1914 2193 2031 2236 bono
2061 2202 2104 2237 et
2150 2210 2223 2238 ae—

221 2289 306 2334 quo
344 2277 529 2330 pendere
551 2275 759 2325 videmus,
792 2273 1007 2329 quomodo
1039 2271 1253 2313 discrimen
1283 2271 1369 2312 erui
1398 2270 1527 2323 possit
1556 2270 1800 2321 nescientes,
1831 2284 1913 2327 ego
1946 2270 2118 2325 quidem
2131 2303 2144 2324 ‚
2176 2280 2224 2314 ut

220 2356 350 2410 libere
421 2352 578 2403 fateor,
619 2363 703 2392 non
732 2349 867 2391 video.
928 2347 1078 2400 Quid?
1104 2347 1281 2388 clamant
1312 2347 1405 2398 alii,
1438 2345 1750 2400 apertissumum
1782 2351 1844 2387 est
1861 2376 1873 2398 ,
1904 2346 2097 2400 respicias
2128 2361 2221 2390 mo-

221 2432 277 2472 do
309 2430 366 2470 ad
395 2428 520 2468 verba
549 2427 622 2467 illa
651 2425 784 2467 vetuti
812 2438 909 2466 rem
938 2424 1139 2466 restituat
1169 2423 1276 2473 oete,
1316 2436 1399 2463 non
1439 2421 1554 2462 vides
1568 2451 1581 2472 ,
1625 2422 1805 2462 actiones
1846 2422 2078 2463 arhitmrias
2120 2436 2218 2487 esse,

219 2508 261 2549 in
292 2505 438 2560 quibus
467 2515 559 2544 reus
588 2514 717 2556 usque
748 2500 804 2543 ad
832 2500 1074 2542 sententiam
1101 2512 1127 2540 a
1155 2498 1289 2539 iudice
1320 2496 1460 2539 datam
1500 2495 1741 2538 restituendi
1780 2495 1912 2538 habet
1951 2502 2217 2564 potestatem,

220 2581 337 2639 quod
366 2580 399 2622 si
428 2593 513 2620 non
540 2577 684 2620 fecerit
714 2576 1099 2619 condemnationem
1129 2575 1294 2630 patitur.
1358 2572 1757 2615 condemnationem
1798 2573 1925 2628 igitur
1970 2572 2085 2614 aiunt
2131 2587 2214 2614 non

219 2659 375 2700 habere
400 2656 551 2707 locum,
581 2655 614 2696 si
643 2660 739 2696 ante
767 2668 855 2695 rem
885 2652 1106 2694 iudicatam
1133 2664 1225 2693 reus
1251 2650 1487 2693 satisfecerit
1517 2650 1645 2691 acton·
1677 2656 1718 2690 et
1752 2654 1983 2703 provocant
2021 2648 2077 2689 ad
2120 2649 2212 2692 Gai.

220 2735 296 2787 lv,
330 2733 429 2775 163.
489 2732 684 2787 Namque
714 2731 754 2772 si
785 2729 998 2773 arbitrum
1033 2727 1330 2786 postulaveris
1358 2727 1397 2768 is
1415 2757 1426 2779 ‚
1467 2740 1566 2769 eum
1603 2738 1686 2783 quo
1726 2725 1881 2783 agitur
1917 2724 2079 2782 accipit
2105 2723 2217 2783 sor-

1646 2802 1672 2844 1
1706 2804 1731 2831 20:
