2519 3077
394 216 484 260 Nec
514 215 736 258 defuerunt
765 212 840 269 qui
870 211 1089 268 vulgarem
1118 208 1210 252 VV.
1238 209 1330 252 m).
1361 210 1676 267 explicationem
1706 224 1848 253 veram
1877 226 1962 254 esse
1990 222 2191 269 negarent
2228 222 2273 259 et

268 308 369 338 num
398 293 636 336 arbitrariae
677 291 791 332 solae
829 287 981 329 fuerint
1010 287 1286 328 absolutor-iae
1313 299 1473 343 mag-no
1498 299 1639 342 open
1664 287 1923 340 dubitarent,
1973 297 2020 331 ut
2056 289 2272 334 Hefflem

267 372 309 413 in
335 371 494 413 observ.
532 367 589 410 ad
622 366 714 407 Gai.
755 364 827 416 lv,
867 378 958 420 cap.
989 361 1060 406 16.
1090 369 1134 405 et
1164 362 1500 419 Tigerstriimius,
1558 364 1669 404 cuius
1699 365 1941 407 sententiam
1972 373 2132 409 tantum
2153 368 2271 410 abest

270 453 316 490 ut
346 459 494 500 sequar
507 474 519 494 ,
569 448 616 483 ut
655 441 716 483 ΙΙΙ.
748 440 892 482 Virum
924 439 1096 496 egregie
1125 439 1288 495 lapsum
1319 453 1404 481 esse
1432 439 1623 496 suspicer.
1686 438 1910 483 Contendit
1951 443 2061 484 em'm
2089 458 2132 498 p.
2166 442 2271 496 155,

270 521 427 564 nullam
453 517 643 574 regulam
674 515 893 557 arbitrariis
924 514 1099 571 negotiis
1128 515 1258 556 inesse
1288 527 1569 567 communem,
1609 527 1747 570 neque
1778 527 1941 556 causam
1962 530 2099 572 neque
2129 531 2270 561 neces—

268 598 432 639 sitatem
470 606 653 647 unquam
683 592 879 631 Romanis
909 591 1052 642 fuisse,
1109 596 1156 631 ut
1192 589 1278 630 hoc
1320 591 1485 631 tertium
1524 591 1732 631 actionum
1771 599 1924 632 nomen
1953 594 2270 648 conformarent,

269 671 346 713 nisi
376 676 422 712 ut
452 676 607 711 ceteras
638 667 815 709 actiones
848 666 1111 708 denominare
1153 665 1336 720 quirent,
1387 680 1494 720 quae
1529 680 1612 708 non
1650 666 1788 708 bonae
1830 667 1945 710 fidei·
1969 681 2106 722 neque
2146 672 2272 714 stricti

270 731 365 789 iuris
392 749 545 788 essent:
586 748 632 785 ut
653 756 803 784 nomen
822 740 1039 794 haberent,
1078 755 1164 797 quo
1193 740 1364 798 plenam
1381 740 1590 783 actionum
1609 739 1848 784 divisionem
1871 741 2093 786 facerent.“
2154 744 2273 797 Quae

272 820 415 879 opinio
446 833 531 876 quo
561 819 713 861 nitatur
741 831 825 861 non
853 816 1007 870 habet,
1049 830 1143 859 cum
1176 829 1227 860 ex
1256 830 1331 870 eo,
1373 816 1491 873 quod
1521 816 1661 875 plures
1691 823 1784 863 sunt
1813 818 2016 873 actiones,
2060 834 2168 877 quae
2196 835 2273 864 ne-

271 910 357 952 que
386 897 512 937 stricti
541 896 659 946 iuris,
707 908 843 949 neque
874 893 1011 934 bonae
1038 892 1162 944 fidei,
1215 906 1350 947 neque
1395 894 1635 933 arbitrariae
1674 893 1755 935 dici
1796 895 1977 951 possint,
2003 907 2012 913 ‘
2032 910 2112 954 pro
2151 898 2274 940 firmo

276 973 544 1028 colligamus,
598 971 708 1010 hanc
738 970 976 1009 divisionem
1016 982 1101 1009 non
1142 982 1283 1009 omnes
1314 969 1537 1024 complecti
1567 970 1769 1020 actiones,
1821 972 1894 1011 sed
1932 971 1988 1012 de
2027 973 2275 1026 quibusdam

274 1052 438 1090 tantum
466 1046 613 1089 valere.
676 1046 823 1100 Neque
853 1044 987 1101 magis
1016 1043 1120 1086 mihi
1148 1044 1289 1101 placet
1305 1043 1642 1098 Unterholzneri,
1687 1046 1810 1101 q‘uem
1830 1044 1997 1089 honoris
2026 1060 2167 1090 caussa
2196 1062 2275 1094 no-

276 1123 410 1174 mino,
448 1122 648 1164 sententia
678 1120 938 1176 (zeitschrift
969 1120 998 1162 f.
1013 1138 1015 1141 ’
1029 1119 1274 1177 geschichtl.
1303 1118 1561 1162 Rechtswiss
1591 1121 1622 1166 1.
1652 1135 1695 1176 p.
1728 1119 1861 1176 254),
1914 1136 2039 1178 quam
2070 1124 2099 1165 fl
2126 1138 2277 1179 sequa·

275 1212 391 1252 mur,
448 1197 684 1241 arbitrariae
724 1195 1060 1238 adnumerandae
1096 1200 1190 1237 sunt
1230 1193 1387 1238 iudiciis
1428 1196 1556 1238 stricti
1598 1196 1703 1239 iuris.
1765 1196 1835 1239 Sic
1875 1197 1944 1240 alii
1975 1199 2053 1240 alia
2085 1198 2277 1256 protnle-

276 1280 395 1326 runt,
434 1287 542 1328 quae
570 1273 641 1313 hic
670 1285 877 1313 recensere
907 1285 1040 1326 aeque
1070 1271 1243 1327 longum
1273 1277 1335 1312 est
1364 1286 1414 1311 ac
1442 1272 1605 1324 inutile,
1644 1286 1772 1326 quare
1803 1273 1979 1314 duorum
2010 1281 2171 1316 tantum
2198 1275 2277 1316 ad-

280 1331 365 1391 huc
393 1349 645 1390 mentionem
676 1347 836 1388 faciam.
896 1346 1079 1387 Permire
1110 1346 1219 1386 enim
1259 1345 1311 1387 E.
1354 1346 1589 1402 Dupontius
1627 1347 1671 1387 in
1702 1361 1849 1388 comm.
1882 1349 1938 1388 de
1969 1349 2079 1389 Gaio
2111 1355 2154 1389 et
2170 1349 2279 1390 indi-

279 1426 435 1466 ciorum
465 1425 611 1480 privat.
644 1423 808 1473 ordine,
863 1422 917 1462 ab
949 1421 1064 1461 acad.
1095 1421 1229 1461 Leod.
1259 1421 1446 1477 praemio
1477 1427 1622 1462 ornata
1654 1421 1785 1461 1821.
1817 1436 1861 1477 p.
1892 1422 1955 1463 64
1982 1438 2060 1479 sqq
2107 1431 2280 1465 conten-

280 1502 362 1552 dit,
401 1501 444 1541 in
478 1500 703 1541 actionibus
734 1498 953 1539 arbitrariis
983 1496 1245 1537 liber-rumam
1276 1496 1418 1537 datam
1444 1510 1529 1538 esse
1559 1496 1684 1538 iudici
1713 1497 1910 1540 facultem
1948 1499 2077 1554 pluris
2104 1499 2171 1540 vel
2199 1502 2278 1541 mi-

278 1578 386 1619 noris
405 1575 672 1626 aestumandi‚
709 1574 752 1615 in
781 1575 915 1615 bonae
944 1571 1044 1614 fidei
1070 1577 1209 1613 autem
1229 1571 1384 1613 iudiciis
1398 1571 1602 1614 formulae
1624 1573 1845 1625 taxatione,
1878 1574 1986 1616 ultra
2018 1589 2143 1630 quam
2177 1590 2278 1618 con-

281 1650 477 1695 demnare
506 1664 590 1692 non
610 1649 793 1707 potuerit
823 1648 875 1703 (ἴ)
903 1647 1045 1690 iudicis
1063 1652 1312 1705 potestatem
1333 1661 1419 1689 esse
1437 1647 1672 1692 restrictam.
1733 1649 2039 1693 Recentissume
2056 1665 2158 1692 vero
2177 1652 2280 1694 bea-

285 1735 350 1771 tus
382 1728 551 1769 Hassius
582 1726 797 1782 vulgarem
827 1723 1069 1765 sententiam
1100 1723 1325 1764 defendens
1356 1723 1523 1778 (Rhein.
1545 1723 1654 1765 Mus.
1686 1725 1815 1765 ueber
1846 1724 1887 1766 d.
1915 1725 2068 1767 Woeen
2099 1726 2141 1768 d.
2171 1728 2280 1769 actio

281 1805 353 1855 vl,
385 1819 427 1860 p.
460 1804 487 1844 1
523 1825 580 1834 -
613 1800 686 1843 87.
719 1799 809 1842 154
839 1824 900 1832 -—
930 1798 1042 1853 206)
1074 1799 1252 1840 actiones
1272 1799 1504 1840 arbitr-arias
1537 1804 1625 1840 tum
1646 1799 1816 1842 demum
1836 1801 2038 1842 institutas
2067 1816 2153 1843 esse
2184 1817 2281 1844 cen-

283 1881 384 1930 suit,
446 1884 667 1933 postquam
716 1876 1005 1916 condemnatio
1045 1875 1087 1915 in
1126 1874 1341 1928 pecuniam
1381 1875 1633 1935 incommodi
1670 1875 1833 1929 aliquid
1873 1876 2029 1917 habere
2069 1878 2280 1933 inceperit,

284 1967 411 2009 quare
437 1952 594 1993 licuisse
624 1964 696 1990 reo
723 1955 817 1990 ante
838 1947 1220 1988 condemnationem
1238 1946 1467 1987 satisfacere
1485 1948 1614 1988 actori
1644 1956 1686 1988 et
1705 1950 1761 1989 ita
1780 1951 1948 1991 absolvi.
2010 1951 2128 1992 Haec
2155 1956 2283 2007 quam

284 2030 357 2069 ille
386 2027 526 2068 statuit
556 2027 675 2082 origo
706 2025 821 2065 nimis
853 2030 913 2064 est
940 2036 1099 2073 recenS,
1141 2035 1268 2076 quum
1298 2022 1380 2062 iam
1399 2023 1636 2064 veteri-umis
1654 2025 1906 2080 reipublicae
1931 2027 2187 2081 temporibus
2214 2042 2282 2068 ar·

283 2104 406 2144 biti-ia
436 2103 558 2141 fuisse
590 2106 766 2150 constet,
825 2106 870 2139 ut
910 2099 1015 2138 infra
1053 2097 1303 2147 videbimm,
1362 2111 1497 2151 neque
1526 2100 1742 2154 propriam
1770 2100 1919 2139 harum
1950 2102 2156 2140 actionum
2183 2113 2284 2157 per-

286 2180 419 2234 spexit
451 2177 617 2219 Hassius
647 2177 730 2217 w'm
761 2182 802 2217 et
833 2177 1031 2216 naturam.

408 2252 618 2309 Equidem
650 2258 695 2292 ut
727 2265 834 2306 quae
864 2250 1057 2302 sentiam,
1109 2249 1238 2292 libere
1268 2249 1419 2301 fatear,
1460 2249 1627 2291 arbitria
1653 2264 1827 2308 oppono
1858 2250 2014 2294 iudiciis
2047 2266 2095 2295 ea
2126 2254 2188 2306 vi,
2236 2262 2283 2298 ut

286 2329 518 2387 significent
549 2328 686 2371 omnia
715 2327 865 2370 iudicia
892 2327 1104 2378 liberiora,
1158 2326 1304 2382 quibus
1334 2325 1487 2367 arbiter
1512 2326 1760 2382 aequitatem
1800 2328 1824 2370 i.
1858 2343 1891 2371 e.
1920 2327 2019 2371 facti
2065 2336 2106 2372 et
2138 2345 2282 2387 perso·

287 2419 433 2447 narum
473 2406 712 2459 qualitatem
754 2416 971 2457 rerumque
1013 2402 1289 2443 conditionem
1320 2401 1534 2456 respiciens
1566 2416 1813 2459 cognoscere
1834 2404 1989 2445 debuit.
2050 2406 2155 2445 Nam
2187 2419 2281 2446 cum

288 2481 497 2523 Romanos
538 2480 686 2538 fugere
723 2493 806 2521 non
843 2484 1003 2535 posset,
1044 2492 1138 2520 cum
1177 2477 1317 2518 stricto
1357 2477 1442 2518 iure
1472 2490 1672 2520 summam
1718 2479 1903 2521 iniuriam
1942 2487 1983 2520 et
2025 2480 2282 2534 iniquitatem

292 2557 453 2609 aliaque
482 2555 743 2595 incommoda
775 2568 897 2609 saepe
928 2568 1014 2595 esse
1046 2554 1280 2603 coniuncta,
1328 2554 1384 2593 ita
1424 2559 1468 2592 ut
1511 2554 1582 2607 qui
1620 2554 1707 2595 iure
1738 2556 1841 2594 civili
1883 2554 2009 2594 iidem
2053 2556 2282 2610 iniqissume

290 2630 445 2673 iudiciis
459 2636 705 2683 tenerentur,
738 2629 794 2671 ad
812 2629 1061 2685 aequitatem
1081 2642 1168 2670 sese
1187 2634 1466 2669 convertentes
1482 2628 1672 2670 liberiora
1693 2629 1841 2670 iudicia
1863 2630 2130 2672 instituerunt.
2192 2632 2282 2673 Te-

293 2707 474 2748 nendum
505 2712 644 2747 autem
678 2714 759 2757 est,
808 2706 840 2746 si
882 2706 1046 2746 arbitria
1076 2705 1118 2745 in
1148 2706 1376 2745 universum
1407 2713 1676 2760 opponuntur
1705 2706 1873 2755 iudiciis,
1902 2689 1945 2747 in
1977 2708 2114 2762 plures
2144 2716 2283 2763 partes
