2519 3077
1099 135 1161 145 —n
1248 108 1309 156 15
1400 132 1462 143 —-

1237 162 1291 176 212

269 229 415 290 pedes
446 238 549 279 esse
570 224 836 281 nohoermt,;
845 223 1086 284 ,depaspi
1086 228 1275 283 veterem
1298 222 1621 280 possessionem
1649 220 1927 265 Academiae
1953 219 2013 264 ab
2038 222 2119 265 hoc

275 304 449 355 hennino
471 316 565 356 yion
591 314 811 355 memus,
849 312 931 348 nec
956 299 1172 359 quilia
1203 283 1307 357 lege
1336 298 1523 356 sing-uli,
1565 298 1647 338 aed
1678 311 1734 338 ex
1753 297 1824 338 his
1855 302 1945 339 tres
1975 296 2137 340 arbitri
2201 311 2278 341 nes

274 392 510 437 regemus‚·
552 378 604 419 cf.
637 389 847 431 excursum
875 375 910 428 1,
946 388 1106 433 quem
1120 375 1289 417 editioni
1320 389 1418 418 suae
1447 374 1598 416 adiecit
1622 373 1848 415 Creuzerus
1866 388 1911 430 p.
1942 373 2034 418 480
2054 389 2145 430 sqq.
2169 374 2276 416 Nou.

274 455 402 496 Marc.
445 455 499 495 de
536 465 680 508 propr.
723 465 839 492 serm.
882 449 934 502 5,
981 449 1051 490 34.
1093 450 1179 492 Cic.
1222 451 1286 491 de.
1324 465 1417 506 rep.
1458 449 1529 506 IV,
1576 448 1617 489 8.
1648 448 1833 489 Dirkseni
1875 449 1901 489 l.
1933 449 1960 489 l.
1991 464 2034 505 p.
2064 448 2156 491 475
2187 463 2275 504 sqq.

275 528 501 586 Zimmemi
528 527 555 568 l.
586 526 614 568 l.
644 542 688 583 p.
704 526 822 579 Ι118.
882 525 964 583 Per
993 540 1037 566 se
1064 537 1166 567 vero
1194 526 1461 581 intellegitur,
1503 525 1699 575 arbitros,
1737 538 1823 564 non
1850 530 1899 564 ut
1928 525 2082 566 iudices
2111 537 2277 565 severae

272 593 495 646 formulae
506 601 630 644 fuisse
660 600 897 677 adstrictos,
936 599 1011 660 5θᾲ
1042 601 1218 643 liberam
1248 600 1442 642 habuisse
1470 600 1530 641 rei
1570 598 1933 640 aestumationem:
1991 613 2167 653 quorum
2202 612 2277 639 au·

273 678 468 720 ctoritas
480 682 523 718 et
541 689 731 718 numerus
770 669 923 728 crevit,
969 682 1198 750 postquam
1230 680 1443 733 praetores
1487 675 1666 717 edictum
1698 679 1948 731 perpetuum
1980 674 2276 716 conscribentes

271 755 450 795 actiones
488 752 769 806 formulasque
798 748 1101 830 proponerent,
1150 752 1298 806 quibus
1329 758 1605 792 succurrerent
1634 751 1843 806 partibus,
1897 757 1940 792 et
1970 750 2127 792 multae
2158 755 2274 790 ortae

273 835 367 870 sunt
398 829 577 869 actiones
609 827 844 868 arbitrariae
873 830 904 868 s.
914 814 982 869 ut
1010 827 1141 885 volgo
1172 827 1436 883 appellantur
1481 826 1713 882 praetoriae
1743 839 1826 867 non
1857 840 1907 867 ex
1936 827 2026 868 iure
2056 825 2166 867 civili
2197 824 2272 865 de·

270 909 537 973 promptae
523 902 598 944 sed
628 914 677 961 ex
706 902 795 950 iure
826 902 1013 958 gentium
1043 916 1071 944 5.
1103 903 1290 944 naturali.

393 979 503 1033 Inter
542 969 696 1019 omnes
721 966 973 1029 arbitrariae,
1023 991 1198 1034 quarum
1237 991 1426 1020 uumerus
1460 979 1506 1020 in
1547 978 1633 1019 dies
1660 992 1753 1019 σι’-ει
1756 984 1866 1030 erat,
1919 983 2196 1019 veterrumum
2227 982 2271 1018 et

265 1055 540 1125 ΡηιοοίΡιιιιιιι
567 1054 707 1095 locum
736 1038 953 1093 tenuerunt
985 1066 1070 1112 eae,
1112 1054 1258 1108 quibus
1289 1053 1390 1093 addi
1420 1055 1586 1094 solitum
1618 1060 1705 1094 erat
1753 1066 1810 1093 nx
1845 1061 1949 1094 rme
1990 1065 2117 1104 Bon,
2164 1063 2272 1106 quae

270 1143 363 1169 cum
393 1114 646 1188 reliquarum
675 1119 893 1184 plurumae
922 1128 964 1168 in
994 1142 1082 1169 rem
1110 1129 1315 1178 valerent,
1372 1128 1414 1168 in
1444 1143 1662 1184 personam
1693 1135 1854 1169 tantum
1884 1128 2068 1168 valentes
2099 1127 2268 1183 obliga-

269 1203 411 1262 tiones
441 1208 604 1273 mutuas
645 1189 1038 1272 complectebantur.
1098 1196 1245 1263 Bonae
1283 1203 1383 1244 fidei
1424 1204 1597 1249 fortasse
1637 1219 1662 1244 a
1701 1205 1869 1259 regibus
1910 1203 2148 1257 appellatae
2177 1205 2271 1242 sunt

268 1252 494 1355 propterea
523 1269 641 1331 quod
668 1276 748 1333 ipsi
775 1277 1016 1333 pactionum
1032 1269 1324 1320 contrariarum
1358 1279 1442 1319 vim
1473 1285 1515 1320 et
1547 1279 1807 1320 autoritatem
1837 1279 1944 1320 bene
1962 1277 2269 1334 perspicientes,

272 1366 413 1392 earum
431 1341 620 1393 sanctitas
640 1344 972 1412 contrahentium
992 1352 1145 1392 fiducia
1175 1354 1261 1393 nisa
1277 1368 1329 1393 ne
1346 1349 1579 1394 laederetur
1612 1354 1812 1408 dolusque
1831 1355 1961 1395 malus
1992 1355 2164 1403 abesset,
2204 1352 2271 1391 di-

269 1415 561 1491 ligentissume
576 1423 787 1511 caverunt
828 1416 962 1504 ¹Haec
989 1419 1088 1468 erat
1108 1441 1259 1479 caussa,
1295 1442 1385 1470 cur
1400 1428 1562 1480 arbiter,
1604 1443 1731 1483 quem
1751 1435 1793 1469 et
1820 1430 1955 1485 ipsum
1984 1427 2162 1468 iudicem
2192 1439 2269 1468 vo-

269 1509 386 1561 cant,
403 1486 570 1551 dabat
611 1481 869 1574 exceptiones
901 1516 926 1541 a
956 1490 1047 1542 iure
1060 1487 1201 1554 civili,
1244 1504 1402 1544 etiamsi
1442 1518 1465 1543 a
1497 1517 1599 1560 rege
1641 1511 1682 1544 et
1721 1504 1922 1559 posterius
1953 1517 1978 1543 a
2007 1508 2201 1558 praetore
2226 1502 2269 1543 in

271 1552 494 1619 formulam
523 1568 608 1620 non
634 1582 775 1644 55513111Ι
788 1561 1036 1661 receptae.
1058 1578 1298 1658 Actiouibus
1314 1579 1450 1619 bonae
1480 1580 1579 1619 fidei
1598 1581 1681 1634 pris
1664 1593 1732 1619 sco
1760 1593 1861 1619 aevo
1890 1580 1937 1618 in
1960 1580 2022 1618 ius
2052 1578 2169 1617 cixile
2198 1591 2268 1617 re-

269 1651 398 1719 ceptis
428 1638 526 1708 post
555 1650 752 1719 temporis
767 1629 960 1718 spatium
992 1651 1115 1707 quod
1137 1638 1272 1717 metiri
1302 1649 1386 1695 non
1415 1668 1653 1709 possumus,
1704 1656 1827 1722 etiam
1868 1655 1973 1695 aliae
2016 1654 2268 1705 arbitrariae,

270 1740 387 1791 quae
383 1704 455 1770 {nd
495 1725 540 1767 id
571 1731 735 1789 tempus
764 1722 1042 1791 honor-iariae
1055 1710 1235 1777 tautum
1246 1743 1316 1771 seu
1346 1728 1576 1785 praetoriae
1606 1715 1809 1781 fuerant,
1845 1729 1921 1771 iuri
1963 1729 2070 1770 civili
2110 1727 2263 1771 adscri-

270 1807 370 1858 ptae
382 1788 493 1854 sunt,
524 1801 583 1841 ita
614 1806 659 1841 ut
688 1788 918 1840 veterruma
949 1794 1161 1843 actionum
1171 1791 1406 1860 descriptio,
1439 1808 1564 1859 quam
1594 1802 1703 1846 hanc
1734 1804 1857 1846 fuisse
1888 1796 2082 1847 coniicio.
2251 1803 2255 1809 ’

883 1869 889 1874 “
963 1863 1142 1902 actiones

269 1917 1760 2005 Μιε

330 2011 478 2053 iudicia
508 2009 655 2064 (stricti
684 2010 800 2064 iuris)
1518 2013 1723 2066 (arbitria)

1133 2081 1347 2153 l)‘bonae
1378 2101 1477 2142 fidei
1711 2105 1760 2158 2)
1791 2106 1831 2147 in
1863 2109 1999 2162 specie
2029 2107 2264 2149 arbitrariae

1115 2161 1210 2203 iuris
1241 2162 1365 2204 civilis
1396 2162 1530 2204 factae
1867 2183 1896 2207 s.
1926 2167 2180 2209 honorariae.

268 2223 350 2263 iam
380 2221 537 2262 hancce
566 2223 836 2264 mutationem
862 2221 1086 2287 acciperet.

962 2274 1149 2324 actiones

273 2336 1862 2373 w

533 2387 584 2415 ex
612 2387 699 2414 iure
730 2375 838 2414 civili
1720 2392 1770 2420 ex
1799 2393 1885 2420 iure
1916 2378 2139 2420 honorario

272 2465 320 2519 l)
351 2465 552 2505 severiora
582 2465 732 2505 iudicia
793 2465 843 2518 2)
874 2466 1067 2506 liberiora
1097 2465 1246 2507 iudicia
1682 2454 1837 2496 musta&
1869 2469 2000 2496 novae
2029 2454 2261 2511 praetoriae

380 2525 528 2578 (stricti
556 2524 672 2571 iuris)
930 2526 1138 2580 (arbitria)
1679 2531 1918 2586 propositae
1947 2531 2151 2584 prioribus
2165 2529 2261 2572 iuris

574 2615 623 2670 1)
654 2629 703 2658 ex
733 2616 821 2659 fide
850 2617 961 2659 bona
1084 2617 1135 2670 2)
1166 2617 1408 2668 arbitrariae,
1812 2605 1936 2647 civilis
1966 2605 2096 2647 factis·

1040 2678 1141 2721 olim
1170 2677 1413 2719 honorariae
1443 2692 1550 2721 nunc

1205 2739 1350 2779 civiles.
