2519 3077
277 187 431 230 tentiae
460 185 574 228 cuius
604 198 680 228 nos
709 182 955 238 suscepimus
984 179 1272 237 patrocinium.
1333 177 1405 222 Sic
1431 177 1610 237 legimus
1634 180 1826 237 fragmm.
1841 174 1973 224 Vatic.
2003 183 2047 241 §-
2079 179 2183 231 8022
2212 176 2286 232 tu·

276 269 396 308 tores
427 264 556 321 quasi
578 264 791 317 parentes
819 256 996 313 proprii
1022 256 1298 313 pupillorum
1324 260 1444 308 sunt,
1495 268 1601 298 nam
1625 250 1832 314 permisit
1863 258 1926 301 eis
1956 257 2179 319 &finitum
2204 264 2286 309 do-

278 356 402 385 nare.
462 339 558 394 Dig.
596 338 646 380 L.
689 336 757 377 21.
800 331 843 391 §
877 334 917 375 l.
951 334 1006 375 de
1038 334 1134 375 don.
1165 331 1260 387 (39,
1303 331 1355 387 5)
1398 333 1515 390 quod
1544 346 1686 389 supra
1718 335 1837 391 legis
1866 336 2045 378 modum
2076 337 2156 379 tibi
2179 355 2290 396 pro-

276 418 395 460 misit
425 437 486 446 —
518 415 564 455 in
606 414 686 453 hoc
730 411 849 467 quod
890 410 1069 451 modum
1101 408 1219 466 legis
1251 409 1438 461 excedit,
1478 410 1578 450 item
1616 409 1666 451 L.
1701 409 1773 450 24.
1806 411 1902 467 Dig.
1934 412 1984 454 L.
2013 411 2056 455 5.
2088 410 2130 472 §.
2162 412 2204 456 5.
2237 417 2292 459 de

277 494 365 535 doli
396 492 494 533 mali
525 494 568 530 et
598 494 733 529 metus
765 500 848 528 exc.
880 485 973 541 (44,
1006 484 1056 539 4)
1088 485 1128 526 se·
1169 499 1268 527 eum
1308 486 1382 542 qui
1415 485 1590 528 volebat
1624 486 1734 528 mihi
1768 486 1940 529 donare
1971 503 2109 547 supra
2138 491 2290 549 legiti-

274 582 393 610 mum
424 566 605 608 modum
634 570 729 605 cett.
790 563 906 603 Paul.
938 562 989 611 V,
1023 561 1095 612 ll,
1135 560 1166 602 6
1194 562 1234 603 ei
1251 562 1326 618 qui
1356 562 1547 618 aliquem
1586 577 1617 604 a
1658 562 1922 605 latrunculis
1967 566 2039 607 vel
2092 565 2292 610 hostibus

275 644 458 701 eripuit,
496 643 541 683 in
572 640 789 698 infinitum
814 639 984 679 donare
1000 652 1086 679 non
1113 638 1399 693 prohibemus
1416 638 1506 679 rell.
1569 638 1809 695 Symmach.
1840 640 1893 693 X,
1925 655 1991 698 ep.
2022 640 2097 695 39,
2127 642 2170 696 7,
2204 643 2289 686 im-

274 721 554 762 modicarum
587 717 870 757 donationum
898 729 1062 756 caussa
1093 716 1312 755 instituitur
1343 716 1464 765 actio,
1517 715 1571 755 de
1603 730 1686 769 qua
1725 709 1931 773 copiosius
1972 717 2197 774 disputavit
2224 717 2290 764 m,

272 791 771 849 BethmannHo‘llwegius
813 791 855 832 in
897 806 995 847 app.
1038 790 1094 831 atl
1139 791 1358 846 egregium
1388 791 1540 832 librum
1570 791 1740 833 Handb.
1771 792 1845 833 des
1860 791 2103 849 Civilproz.
2149 794 2289 836 Boua.

274 870 404 914 1834.
438 870 469 911 1.
508 884 552 925 p.
588 865 680 909 405
722 880 811 922 sqq.
873 868 993 908 Facit
1018 867 1141 907 etiam
1182 866 1238 907 ad
1278 873 1462 908 nostram
1490 880 1580 908 rem
1610 867 1858 908 firmandam
1890 859 1976 909 Cic.
2008 870 2124 911 locus
2163 884 2292 926 supra

272 947 464 990 laudatus
493 958 559 1002 ep.
587 944 644 985 ad
683 944 768 986 Att.
810 944 842 994 I,
875 944 948 995 20,
1000 957 1084 999 qua
1114 943 1277 995 scribit,
1318 957 1362 984 se
1400 957 1478 999 per
1516 943 1656 1001 Iegem
1689 943 1875 986 Cinciam
1908 945 2036 987 libros
2069 945 2184 987 dono
2219 934 2291 987 cass·

270 1038 373 1082 pere
403 1022 606 1079 potuisse,
660 1020 767 1061 haec
798 1021 907 1061 enim
937 1021 1112 1061 maiores
1143 1026 1303 1061 tantum
1342 1019 1543 1076 prohibet
1584 1020 1847 1074 donationes,
1906 1021 2001 1063 libri
2032 1010 2184 1064 autem*
2210 1023 2290 1064 mi-

273 1101 381 1142 noris
412 1105 506 1140 sunt
548 1098 673 1154 pretii
704 1111 840 1151 neque
872 1097 1074 1137 accedunt
1101 1098 1155 1138 ad
1186 1097 1372 1146 modum,
1414 1109 1540 1150 quem
1571 1095 1639 1137 lex
1668 1102 1877 1138 statuerat.
1939 1098 1997 1138 At
2014 1097 2047 1138 si
2078 1098 2169 1153 quis
2203 1105 2277 1152 est,

270 1177 342 1231 qui
373 1180 566 1231 opponat
598 1175 713 1215 locos
742 1188 792 1214 ex
822 1174 930 1213 Plini
961 1174 1164 1228 epistolis,
1207 1174 1279 1213 ubi
1305 1172 1555 1213 infinitarum
1581 1173 1737 1213 mentio
1767 1173 1818 1213 fit
1849 1174 2150 1226 donationum,
2195 1175 2291 1230 qui-

271 1253 350 1294 bus
380 1256 548 1308 pateat,
594 1249 670 1291 has
701 1264 786 1291 non
818 1263 903 1290 esse
935 1249 1079 1289 vetitas
1109 1249 1185 1290 sed
1216 1248 1353 1290 multis
1395 1248 1707 1289 difficultatibus
1737 1248 1992 1304 implicatas,
2049 1248 2155 1291 nihil
2184 1265 2289 1307 pro-

269 1329 365 1380 bat,
428 1341 558 1381 quum
605 1327 689 1367 loci
728 1326 792 1365 isti
834 1326 880 1379 *)
936 1324 1040 1366 nihil
1082 1325 1196 1366 aliud
1237 1325 1376 1365 dicant
1415 1323 1491 1364 nisi
1531 1324 1774 1365 donationes
1812 1324 1985 1366 valuisse
2036 1325 2105 1367 vel
2143 1340 2289 1369 maxu-

268 1418 357 1446 mas
386 1426 451 1435 —
480 1403 608 1458 plane
639 1402 748 1443 enim
778 1401 993 1456 prohiberi
1025 1416 1107 1442 non
1134 1407 1359 1457 potuerunt
1378 1424 1440 1430 —-
1466 1400 1499 1440 si
1527 1401 1772 1441 donatorem
1787 1414 1869 1440 non
1886 1401 2122 1455 poeniteret
2153 1403 2288 1444 consi-

269 1480 312 1520 lii
343 1479 414 1520 sui.
476 1477 584 1517 Plini
614 1476 742 1532 igitur
774 1476 1018 1517 donationes
1049 1477 1266 1516 valuerunt
1297 1488 1425 1529 quum
1455 1488 1540 1516 non
1565 1481 1779 1516 revocaret
1810 1489 1878 1516 eas
1909 1476 1983 1517 sed
2014 1477 2153 1518 statim
2185 1491 2288 1520 con·-

267 1560 514 1605 summaret‚
555 1559 603 1594 ut
628 1553 744 1594 nulla
774 1552 816 1593 in
848 1566 942 1594 eum
975 1566 1080 1609 opus
1113 1559 1218 1594 esset
1248 1554 1410 1594 actione
1442 1552 1493 1593 cf.
1529 1551 1706 1593 Wencki
1736 1552 1868 1608 praef.
1899 1568 1942 1609 p.
1973 1545 2161 1596 XLVIII.
2195 1554 2287 1596 Un-

264 1630 518 1673 terholzneri
551 1629 644 1670 diss.
674 1628 727 1680 11,
757 1642 799 1684 p.
832 1627 934 1669 45⁰.

387 1706 509 1759 Quae
539 1719 634 1747 cum
664 1704 722 1746 ita
748 1704 826 1745 sint
857 1710 999 1746 contra
1030 1703 1203 1761 Savigni
1233 1706 1519 1747 auctoritatem
1551 1704 1759 1746 affirmare
1790 1718 1938 1756 conor,
2007 1712 2164 1748 certum
2193 1720 2286 1748 mo-

267 1784 370 1824 dum
402 1784 522 1823 fuisse
553 1781 840 1836 propositum,
878 1781 986 1818 ultra
1035 1795 1159 1833 quem
1192 1780 1338 1822 donari
1368 1782 1511 1837 primis
1540 1781 1662 1822 huius
1693 1779 1799 1835 legis
1824 1781 1972 1822 seculis
2003 1787 2108 1823 esset
2137 1781 2287 1838 prohi-

267 1860 423 1908 bitum,
464 1858 582 1911 quod
612 1871 665 1896 ne
695 1855 799 1895 falso
831 1856 1099 1910 intellegatur
1130 1856 1311 1895 breviter
1340 1857 1554 1911 explicem.
1615 1856 1738 1896 Dona
1769 1867 1852 1895 non
1898 1856 2223 1899 observabantur
2261 1872 2287 1899 a

267 1949 313 1976 re
342 1934 514 1990 publica
541 1946 677 1986 neque
710 1945 762 1971 an
792 1932 943 1974 iustum
974 1931 1147 1971 modum
1180 1931 1425 1971 excederent
1445 1932 1763 1987 inspiciebantur
1790 1931 1857 1984 (ut
1878 1945 1952 1972 nos
1981 1933 2151 1974 dicimus
2182 1947 2285 1975 con-

264 2010 455 2063 trolirt),
504 2009 548 2049 in
586 2021 637 2050 eo
676 2013 837 2049 tantum
880 2013 968 2048 erat
1002 2007 1106 2063 legis
1147 2007 1421 2063 praesidium,
1477 2022 1529 2048 ne
1561 2007 1804 2047 donationes
1834 2008 2018 2049 infinitae
2045 2016 2214 2064 possent
2243 2010 2286 2051 in

265 2087 353 2127 iure
383 2084 607 2142 postulari,
658 2085 733 2125 sed
764 2097 812 2124 ea
843 2090 1003 2125 tantum
1035 2098 1217 2135 summa,
1269 2097 1377 2140 quae
1407 2083 1512 2125 infra
1542 2083 1717 2124 modum
1750 2090 1865 2125 esset.
1916 2084 2036 2125 Hassi
2061 2099 2209 2127 comm.
2240 2100 2284 2143 p.

264 2161 368 2205 206.
430 2161 572 2203 Valuit
611 2160 740 2217 igitur
783 2160 954 2201 donatio
994 2161 1063 2201 vel
1103 2175 1331 2211 maxuma„
1367 2160 1399 2200 si
1440 2160 1684 2201 donatorem
1726 2175 1810 2202 non
1847 2162 2082 2216 poeniteret
2113 2163 2283 2214 consilii,

266 2252 351 2279 non
383 2238 512 2279 valuit
543 2236 715 2279 donatio
746 2236 901 2289 maior,
950 2236 982 2278 si
1015 2250 1123 2291 quae
1152 2235 1399 2293 promiserat
1428 2235 1628 2279 sententia
1656 2242 1815 2278 mutata
1844 2237 2010 2279 tradere
2037 2237 2169 2278 nollet
2201 2239 2284 2280 do·

308 2373 339 2412 ⁸)
368 2372 414 2403 Hi
436 2373 504 2404 sere
524 2376 618 2404 sunt:
650 2371 678 2409 1,
703 2373 744 2402 19
761 2371 858 2402 offert
891 2371 1012 2402 Plinius
1029 2371 1177 2402 Romano
1196 2369 1307 2401 Firmo
1329 2371 1367 2400 ad
1387 2371 1559 2410 implendas
1581 2375 1745 2409 equestre·
1766 2371 1935 2403 facultates
1960 2371 2044 2402 CCC
2065 2371 2161 2403 millia
2186 2380 2281 2404 num—

367 2428 462 2461 mum.
481 2427 526 2466 Π,
548 2429 568 2459 4
591 2438 710 2460 summa
732 2427 814 2459 Plini
838 2429 990 2460 beneficia
1014 2438 1090 2469 erga
1111 2429 1274 2460 Calvinam
1297 2432 1330 2460 et
1352 2428 1382 2459 in
1407 2427 1482 2460 dote
1517 2427 1708 2460 collocanda
1741 2433 1773 2460 et
1795 2428 1903 2460 debito
1926 2428 2136 2461 condonando
2158 2438 2280 2461 memo-

370 2491 489 2517 rantur.
534 2485 591 2523 VI,
613 2487 658 2516 32
679 2486 836 2517 donantur
856 2486 1068 2519 Quinctiliano
1093 2486 1320 2526 quinquaginta
1355 2486 1451 2517 millia
1480 2486 1647 2518 nummum.
1690 2487 1734 2517 25
1767 2485 1891 2518 Metilio
1923 2487 2040 2527 Crispo
2072 2485 2282 2526 qnadraginta

371 2544 478 2580 millia,
506 2542 580 2581 vn,
604 2545 647 2574 18
668 2543 877 2574 Comensibus
897 2553 1018 2583 agrum,
1049 2544 1138 2575 cuius
1161 2543 1297 2583 pretium
1317 2543 1487 2582 quingenta
1508 2543 1604 2574 millia
1623 2552 1780 2574 nummum
1802 2544 1989 2581 excedebat,
2041 2542 2130 2581 VIII,
2161 2545 2184 2574 2
2208 2543 2279 2574 viu-

368 2599 543 2631 deminum
571 2600 768 2641 emptoribus
795 2600 927 2631 multum
958 2601 1110 2640 pecuniae
1142 2600 1280 2632 donasse
1305 2600 1442 2632 Plinium
1473 2600 1615 2641 legimus.
1652 2599 1695 2638 X,
1715 2603 1736 2632 3
1759 2601 1839 2641 petit
1861 2601 1980 2632 Plinius
2003 2610 2022 2632 a
2044 2600 2200 2637 Traiano,
2243 2604 2279 2632 ut

368 2657 536 2690 Voconius
557 2658 589 2688 in
605 2659 757 2690 Senatum
782 2652 1033 2698 promoveretur,
1062 2659 1152 2691 cuius
1174 2662 1276 2690 mater
1298 2657 1340 2689 ad
1364 2667 1491 2690 censum
1515 2657 1704 2699 explendum
1725 2659 1908 2690 sestertium
1930 2658 2186 2700 quadringenties
2213 2657 2278 2690 filio

368 2715 611 2757 mancipaverat.
