2519 3077
1096 79 1460 128 ..21—

270 196 494 254 hilominus
541 194 745 252 prodigus
777 207 867 237 rem
904 206 1021 259 suam
1039 204 1046 212 ·
1061 191 1332 250 dilapidaret,
1369 194 1545 237 ’cavisse
1585 195 1706 251 eique
1753 196 1915 253 agnatis
1955 199 2190 252 petentibus
2230 206 2275 243 et

272 274 389 325 omni
415 273 621 316 bonorum
652 270 999 314 administratione
1016 275 1059 312 et
1076 271 1323 313 commercio
1340 285 1427 313 esse
1443 272 1716 326 interdictum,
1755 274 1815 315 ita
1844 280 1891 316 ut
1912 279 2111 331 tanquam
2137 282 2274 319 mente

272 355 415 406 captus
445 355 677 391 curatorem
707 348 912 402 acciperet
954 347 1144 403 (Ulpian.
1174 348 1264 400 xil,
1306 347 1347 390 2.
1379 348 1472 401 XX,
1516 348 1585 389 13.
1626 350 1721 390 lust.
1757 351 1852 392 Inst.
1893 352 1925 402 1,
1962 351 2004 403 2,
2038 352 2081 404 3,
2099 351 2272 409 furiosi

273 440 438 484 quoque
468 431 510 469 et
533 424 749 482 prodigi,
804 424 904 467 licet
934 423 1126 465 ntaiores
1150 423 1308 481 viginti
1338 425 1523 481 quinque
1554 425 1683 466 annis
1712 432 1831 479 sunt,
1882 431 2032 469 tamen
2062 429 2108 470 in
2138 442 2273 471 cura-

270 503 386 546 tione
411 506 511 545 sum
544 506 815 558 agnatorum
849 513 906 542 ex
922 500 1026 557 lege
1053 499 1158 542 XII
1184 499 1440 542 tabularum
1470 500 1522 543 cf.
1552 501 1742 543 Dirkseni
1772 502 1851 543 xil
1877 502 2197 559 Tafelfragmm.
2228 517 2272 558 p.

271 577 364 620 369
390 575 515 632 sqq-J,
561 591 646 632 qua
676 577 732 618 de
762 560 904 617 caussa
936 590 1021 619 non
1054 576 1233 617 alienum
1264 577 1462 618 existumo
1494 592 1519 618 a
1548 582 1688 621 mente
1718 578 1868 633 populi
1909 578 2108 631 Romani,
2158 593 2273 622 sum-

271 667 383 698 mam
412 653 704 708 parsimoniam
735 667 1020 708 summamque
1047 653 1305 709 diligentiam
1335 654 1378 693 in
1402 668 1448 694 re
1477 654 1665 694 familiari
1688 655 1812 695 etiam
1829 654 1929 710 lege
1952 668 2041 694 esse
2061 669 2272 697 commen-

268 728 437 785 datam,
477 743 587 784 quae
619 728 861 771 donationes
891 728 1134 771 immodicas
1162 718 1406 784 prohiberet
1436 730 1595 784 potius,
1631 743 1756 783 quam
1785 730 1922 771 modis
1961 729 2020 770 ad
2059 731 2271 772 stabilien-

271 804 372 859 dam
400 804 700 859 possessionem
729 805 1007 859 spectantibus
1032 802 1276 859 impediret,
1325 805 1432 846 adeo
1475 811 1524 846 nt
1537 810 1539 812 ’
1554 805 1626 859 qui
1656 805 1753 861 lege
1783 806 1975 862 neglecta
2005 810 2162 847 temere
2192 806 2273 848 do-

269 885 459 933 nassent,
509 881 761 937 praesidium
791 881 996 923 haberent
1025 880 1219 923 adversus
1251 895 1342 934 eos,
1393 895 1497 937 quos
1525 881 1748 923 donatione
1788 881 1955 923 ditiores
1976 882 2110 923 facere
2147 884 2273 927 volu·

272 956 406 999 issent.
434 956 482 1012 *J
541 958 718 1000 Accedit
749 958 863 999 aliud
894 964 1184 1016 argumentum
1214 958 1341 1013 idque
1370 972 1454 1000 non
1480 960 1593 1012 leve,
1635 959 1751 1014 quod
1793 959 1854 999 illi
1883 958 1999 1000 modi
2029 959 2080 1013 (s.
2111 959 2274 1003 formae

272 1045 304 1072 s.
342 1031 477 1086 ritus),
519 1034 763 1074 donationes
790 1035 873 1074 sive
890 1047 1044 1088 parvae
1063 1040 1178 1075 erant
1193 1035 1276 1074 sive
1305 1049 1503 1092 magnae,
1536 1035 1770 1078 habuerunt
1795 1035 1961 1074 locum:
1992 1034 2108 1089 apud
2129 1048 2273 1077 omnes

273 1109 383 1149 enim
432 1116 616 1162 constat,
673 1124 737 1152 res
761 1111 961 1165 'mancipi
1010 1112 1095 1153 sine
1134 1111 1436 1165 mancipatione
1477 1112 1547 1152 vel
1597 1112 1638 1152 in
1678 1111 1764 1152 iure
1805 1110 1985 1151 cessione
2026 1124 2103 1152 nee
2147 1112 2272 1153 vendi

274 1183 457 1237 potuisse
488 1200 563 1227 nec
595 1186 762 1238 donari,
800 1201 865 1230 res
895 1192 1033 1228 autem
1054 1202 1139 1229 vnec
1168 1188 1347 1241 mancipi
1377 1188 1467 1228 sola
1496 1188 1716 1227 traditione
1744 1187 1788 1226 in
1817 1187 1993 1226 alienam
2022 1193 2275 1240 potestatem

274 1260 484 1302 transferri
521 1262 716 1315 potuisse.
778 1262 970 1304 Traditio
1002 1269 1140 1304 autem
1178 1277 1257 1316 pro
1288 1263 1591 1316 mancipatione
1621 1263 1759 1303 locum
1791 1276 1875 1302 non
1905 1261 2051 1302 habuit
2079 1262 2121 1302 in
2151 1264 2276 1306 rebus

273 1336 453 1391 mancipi
494 1337 721 1389 donandis,
772 1352 865 1379 cum
904 1352 969 1380 res
1008 1338 1188 1380 donatae
1228 1340 1261 1381 si
1290 1339 1467 1380 traditae
1498 1344 1658 1380 tantum
1691 1344 1835 1389 essent,
1876 1337 2096 1379 interdicto
2127 1337 2202 1380 uln‘
2233 1345 2277 1381 et

275 1410 420 1453 utrubi
451 1412 695 1469 possidetis
737 1413 996 1467 usucapionis
1027 1427 1133 1455 anno
1163 1414 1296 1468 repeti
1325 1415 1575 1468 potuissent,
1627 1414 1877 1466 mancipatio
1908 1413 2035 1472 igitur
2064 1419 2127 1454 est
2157 1428 2277 1457 usur-

273 1490 395 1543 pata,
436 1501 488 1529 ne
521 1487 692 1530 donatio
723 1487 873 1531 eodem
904 1501 1011 1530 anno
1043 1489 1305 1532 amitteretur.
1368 1489 1507 1541 Quum
1548 1486 1674 1545 igitur
1714 1487 1831 1529 modi
1861 1487 1919 1528 illi
1951 1493 2023 1529 aut
2052 1489 2274 1532 severiores

275 1569 347 1605 aut
377 1564 586 1607 liberiores
616 1566 698 1606 iam
717 1577 794 1622 per
822 1579 865 1607 se
894 1566 974 1607 sint
1004 1567 1216 1608 necessarii
1244 1567 1286 1608 in
1318 1565 1607 1608 donationibus
1631 1564 1915 1622 perficiendis,
1952 1577 2023 1606 eos
2053 1565 2276 1609 maioribus

273 1646 435 1682 tantum
467 1642 756 1683 donationibus
786 1657 864 1698 per
900 1643 1041 1698 legem
1073 1643 1256 1684 Cinciam
1285 1643 1406 1684 fuisse
1435 1643 1727 1699 praescriptas,
1777 1641 2028 1697 persuadere
2059 1641 2163 1683 mihi
2191 1656 2276 1684 non

274 1730 455 1773 possum.
518 1718 607 1760 Sed
637 1725 684 1759 ut
714 1719 793 1760 sint
823 1718 925 1759 tales
940 1718 1133 1773 imperati
1155 1720 1297 1772 quales
1323 1720 1463 1760 statuit
1491 1718 1730 1773 Savignius,
1780 1718 1869 1771 quis
1888 1717 2031 1757 credat
2061 1717 2276 1758 hominem

275 1795 538 1836 temerarium
577 1795 1059 1850 quominusperseveret
1088 1794 1129 1835 in
1159 1795 1376 1851 proposito
1407 1808 1481 1836 suo
1513 1800 1556 1835 et
1585 1793 1815 1849 profundat
1844 1807 1933 1834 rem
1961 1807 2100 1847 suam,
2154 1808 2279 1837 vexa-

275 1871 452 1912 tionibus
482 1871 562 1910 illis
592 1870 819 1924 impediri?

398 1947 542 1989 Restat
578 1951 625 1985 ut
654 1945 831 1985 fontium
862 1944 1092 1985 testimonia
1123 1944 1418 1996 examinemus,
1470 1956 1646 1998 quorum
1683 1943 1844 1984 nullum
1883 1948 1943 1983 est
1985 1941 2101 1997 quod
2133 1947 2277 1999 aperte

277 2023 477 2064 defendat
507 2022 678 2077 Savigni
721 2021 973 2061 sententiam.
1033 2021 1167 2060 Nemo
1187 2020 1334 2060 infitias
1365 2020 1462 2070 ibit,
1498 2020 1646 2060 modos
1673 2021 1764 2060 illos
1797 2021 1829 2059 si
1860 2018 2180 2074 praescripsisset
2210 2020 2277 2061 lex

277 2098 567 2141 donationibus
584 2096 813 2140 immodicis
843 2096 926 2138 sive
952 2096 1098 2138 iustam
1128 2110 1329 2137 summam
1361 2094 1673 2148 excedentibus,
1731 2096 1847 2137 nullo
1868 2102 1993 2151 pacto
2018 2092 2063 2133 id
2091 2094 2276 2148 potuisse

278 2176 412 2218 omitti
441 2175 484 2216 in
503 2174 639 2216 edicto
671 2179 741 2215 aut
759 2174 939 2215 Ictorum
960 2173 1108 2228 quibus
1130 2147 1269 2213 adhuc
1299 2171 1530 2228 gaudemus
1556 2173 1733 2228 scriptis,
1774 2172 1848 2213 sed
1876 2183 2086 2226 perpauca
2112 2176 2275 2212 tantum

277 2252 435 2294 serioris
475 2250 673 2307 temporis
707 2255 865 2292 exstant
904 2249 1174 2313 fragmenta,
1213 2248 1360 2304 quibus
1392 2248 1529 2303 aliqua
1558 2261 1607 2289 ex
1635 2253 1755 2304 parte
1785 2245 2001 2303 Savignius
2030 2245 2160 2301 possit
2189 2245 2275 2288 ful-

279 2331 360 2370 cire
385 2329 626 2369 sententiam
655 2340 791 2368 suam:
834 2328 937 2368 aliae
970 2328 1077 2367 enim
1109 2328 1402 2382 imperatorum
1418 2325 1744 2377 constitutiones,
1786 2337 1878 2364 cum
1910 2322 1964 2362 de
1991 2323 2149 2375 ritibus,
2181 2324 2274 2377 qui-

277 2408 354 2449 bus
396 2419 501 2460 opus
538 2405 589 2445 sit
620 2406 662 2445 in
694 2405 980 2445 donationibus
1010 2403 1292 2459 perficiendis,
1352 2402 1451 2442 dent
1477 2408 1722 2457 praecepta,
1773 2401 2043 2441 donationum
2073 2401 2274 2440 maiorum

279 2496 330 2525 ne
360 2482 489 2523 verbo
521 2480 690 2533 quidem
720 2481 969 2521 mentionem
995 2480 1170 2531 faciunt,
1231 2479 1299 2519 alii
1331 2484 1467 2519 autem
1508 2478 1611 2529 loci,
1661 2478 1732 2518 ubi
1766 2477 1914 2517 dicitur
1955 2475 2009 2516 de
2039 2475 2272 2515 donationi-

279 2561 355 2604 bus
386 2557 533 2600 iustam
564 2556 834 2611 quantitatem
853 2554 1142 2598 excedentibus
1157 2570 1292 2611 neque
1311 2553 1424 2597 modi
1444 2553 1526 2596 sire
1554 2554 1652 2596 ritus
1671 2558 1960 2603 memorantur,
2008 2549 2077 2592 fax
2080 2558 2151 2592 ent
2180 2567 2272 2593 sen-

384 2694 456 2717 esse
474 2683 704 2724 parsimoniam.
746 2682 827 2716 Plin.
848 2684 937 2725 epist.
959 2682 1002 2720 11,
1025 2684 1046 2714 4
1068 2692 1149 2723 quae
1171 2682 1377 2723 (liberalitas)
1406 2685 1511 2714 tamen
1532 2682 1576 2713 ita
1598 2680 1800 2722 temperanda
1822 2684 1884 2718 est,
1914 2688 1955 2711 ne
1975 2678 2068 2711 nimia
2088 2678 2274 2718 profusione

383 2744 547 2776 inarescat.
