2519 3077
1073 118 1446 162 ..n-

263 239 477 283 actionem.
511 234 605 278 ·1'n'
623 233 855 290 ‚universum
873 232 1175 290 'eergosformas
1191 234 1198 240 ’
1214 237 1301 276 esse
1318 232 1574 289 imperatas,
1619 237 1666 275 ut
1696 235 1750 275 ne
1777 233 1943 277 valeret
1962 235 2067 291 legis
2087 234 2267 281 -Gindne

262 312 493 370 exceptio,⁸
520 324 617 367 quaa
635 309 681 351 id
709 309 841 351 sumit>
855 310 1042 365 mixtum,
1088 312 1358 366 nemgerent·
1373 307 1560 350 homines
1586 315 1762 367 propter
1792 309 2048 363 donationes,
2089 311 2162 352 uisi
2191 312 2264 368 qui

259 387 586 431 comunctissmni
614 386 841 443 donator-2²,
864 384 1073 434 *Videmus
1091 385 1228 442 igitur
1250 391 1383 428 totam
1412 385 1519 441 legis
1540 387 1738 442 *reg-ulam
1769 392 1812 429 et
1842 387 2159 429 fundamentum
2179 399 2262 444 po—

257 464 381 506 situm
410 464 454 506 in
479 460 728 517 ,exceptione
760 460 1163 503 donatoribus.÷data
1209 473 1310 518 erga
1339 463 1536 518 personas
1563 463 1647 502 noh
1678 467 1879 519 exceptas.
1941 461 2174 520 opinionis,
2189 475 2264 505 au*

258 544 358 581 tem'
385 553 483 594 qua.
510 538 651 577 nititur
671 535 886 576 rFranckio
916 542 1086 580 auctore
1113 537 1181 576 lex
1211 536 1352 576 Cincin
1382 550 1503 576 nemo
1551 537 1628 578 erit
1659 538 1730 591 qui
1759 539 1947 593 suscipiat
1976 539 2263 594 patrocinium&

257 627 350 655 cum
375 614 523 654 mirum
555 618 658 652 esset
686 611 720 652 si
748 612 924 666 p'ropter
954 611 1063 653 haine
1091 617 1216 652 unam
1242 601 1430 652 normam
1459 616 1600 653 tantae
1630 612 1846 653 adhibitae
1877 620 2008 654 essent
2033 614 2140 670 legis
2171 619 2264 655 am..

256 690 401 746 bages,
444 702 578 743 neque
610 701 682 729 cur
713 688 781 728 lex
813 686 867 728 'de
897 693 1009 729 certo
1036 687 1166 729 modo
1199 692 1304 728 esset
1336 687 1432 728 data
1462 702 1671 743 possemus
1712 688 1918 745 suspicari.
1980 688 2075 730 Huc
2104 688 2264 730 accedit

260 765 376 820 quod
407 777 457 805 ex
489 764 572 803 eius
603 763 804 804 sententia
834 764 935 804 mira
953 763 1168 817 'quaedam
1198 764 1305 818 legis
1335 764 1464 804 oritur
1495 764 1737 819 descriptio,
1779 765 1890 805 cuius
1920 765 2103 820 primum
2137 771 2262 820 caput

257 841 344 898 agit
385 841 440 881 de
476 839 660 895 personis
700 840 902 895 exceptis,
947 839 1172 880 secundum
1211 839 1268 880 de
1296 839 1426 880 modo
1446 839 1552 880 iusto
1582 863 1644 870 -—-
1669 841 1753 881 sine
1782 841 1822 881 vi
1851 855 1898 880 ac
1929 846 2144 882 momento
2176 863 2260 892 —,

259 917 427 960 tertium
454 915 509 957 de
540 916 781 971 exceptione
813 929 838 956 a
869 921 1064 971 praetore
1084 916 1196 957 data
1226 914 1420 957 adversus
1451 916 1681 970 quamlibet
1726 917 1928 958 actionem
1941 948 1953 968 ,
1979 916 2052 957 nisi
2083 929 2263 973 persona

256 991 403 1033 actoris
433 995 608 1046 exne'ptn
632 996 745 1031 esset.
787 990 926 1040 ..Quae
947 1002 1090 1043 >quam
1114 990 1233 1032 falsa.
1248 991 1327 1032 sint
1340 1020 1352 1041 ,
1385 991 1555 1044 quisque
1586 991 1708 1032 facile
1749 992 1883 1043 videt,
1930 993 2089 1035 notavit
2134 992 2261 1033 etiam

255 1067 422 1109 Hassius
470 1066 645 1121 (Rhein.
678 1065 786 1108 Mus.
809 1065 849 1117 1,
880 1078 920 1119 p.
954 1065 1065 1120 242)
1102 1071 1143 1108 et
1172 1066 1310 1107 multis
1336 1067 1465 1120 iisque
1482 1067 1676 1122 gravibus
1708 1068 1958 1123 argumentis
1978 1068 2196 1109 meliorem
2217 1067 2262 1108 in

263 1142 454 1184 ordinem
484 1142 660 1196 redegit.

372 1217 472 1259 Sed.
484 1223 530 1258 ut
549 1230 631 1273 ego
644 1248 656 1269 ,
689 1217 790 1271 quid
810 1217 900 1272 ipse
916 1218 1085 1260 sentiam
1099 1216 1278 1269 addam,
1313 1217 1481 1259 rationis
1497 1232 1614 1259 meae
1633 1232 1791 1259 summa
1807 1218 1915 1260 haec
1945 1226 2028 1260 est:
2060 1231 2262 1273 personae

261 1306 363 1348 quas
396 1293 545 1349 excipit
588 1299 629 1334 et
659 1294 831 1335 secernit
867 1294 954 1346 lex,
983 1294 1217 1335 libertatem
1247 1292 1483 1335 habuerunt
1513 1294 1555 1334 in
1585 1294 1788 1334 infinitum
1820 1295 1948 1336 dandi
1980 1301 2022 1336 et
2053 1294 2259 1348 accipien-

257 1370 302 1410 di
321 1382 460 1422 -usque
490 1369 546 1408 ad
587 1369 850 1423 Antoninum
876 1370 1018 1421 Pium,
1063 1370 1135 1425 qui
1177 1369 1361 1410 adiunxit
1401 1370 1525 1409 etiam
1564 1370 1664 1409 alias
1704 1370 2000 1422 immunitates,
2036 1370 2260 1425 praecipue

255 1445 490 1486 libertatem
521 1457 545 1483 a
571 1443 714 1485 formis
745 1444 1016 1496 sollennibus,
1048 1445 1196 1497 quibus
1239 1450 1334 1485 ante
1365 1458 1506 1485 omnes
1537 1452 1654 1486 erant
1684 1447 1882 1496 subiecti3
1930 1447 1987 1487 ad
2016 1446 2122 1487 haec
2152 1445 2259 1487 enim

245 1502 448 1573 tempora
477 1526 663 1572 spectant
694 1520 774 1559 loci
794 1520 944 1559 adnot.v
964 1533 1006 1571 p.
1039 1520 1099 1559 26
1130 1520 1253 1560 citati-

377 1597 553 1638 Formas
585 1596 763 1648 denique
793 1596 878 1635 sive
905 1596 1053 1636 modos
1084 1596 1316 1645 sollennes,
1365 1601 1411 1635 ut
1442 1596 1525 1635 vim
1556 1595 1758 1636 haberent
1806 1598 2068 1647 donationes,
2107 1602 2257 1650 putant

256 1673 398 1728 legem
430 1670 613 1713 Cinciam
641 1671 856 1712 instituisse
885 1671 940 1711 de
980 1671 1126 1722 quibus
1159 1669 1336 1710 diversas
1366 1671 1585 1712 sententias
1614 1673 1729 1723 sequi
1760 1685 1992 1724 possumus:
2035 1678 2107 1713 aut
2147 1672 2255 1713 enim

253 1746 413 1789 formae
452 1746 728 1801 praescriptae
759 1751 875 1787 erant
907 1745 1088 1801 personis
1115 1758 1198 1786 non
1229 1745 1408 1800 exceptis
1439 1745 1480 1786 in
1520 1745 1807 1788 donationibus
1832 1747 2084 1799 immodicis,
2115 1753 2186 1788 aut
2205 1761 2256 1788 o·

253 1823 416 1864 mnibus
448 1823 532 1861 sive
573 1821 793 1861 maioribus
846 1822 929 1861 sive
969 1821 1214 1871 minoribus,
1237 1827 1431 1872 quarum
1472 1821 1652 1874 priorem
1694 1836 1718 1861 a
1758 1822 1956 1878 Saviguio
1996 1824 2258 1877 propositam

255 1910 349 1940 cum
377 1899 460 1939 iam
490 1911 615 1951 supra
647 1897 849 1952 copiosius
880 1897 1089 1952 attigerim
1115 1908 1293 1948 cumque
1322 1896 1483 1937 serioris
1513 1902 1673 1937 tantum
1706 1899 1848 1938 aetatis
1888 1898 2024 1939 fontes
2064 1899 2147 1941 eius
2193 1899 2257 1939 fe—

255 1975 386 2016 cerint
413 1973 683 2023 mentionem,
714 1972 874 2012 brevius
904 1970 975 2011 hic
1006 1971 1218 2011 absolvere
1248 1984 1427 2023 possum.
1489 1971 1616 2012 Nullo
1651 1973 1779 2012 modo
1804 1973 1912 2013 enim
1955 1981 2000 2014 ut
2040 1975 2120 2014 iam
2160 1988 2254 2016 mo-

258 2050 329 2091 nui
360 2054 499 2103 potest
528 2048 732 2100 probari,
751 2047 793 2087 in
824 2047 922 2100 lege
954 2045 1094 2086 Cincin
1125 2046 1374 2086 mentionem
1390 2045 1580 2086 iniectam
1606 2046 1728 2088 fuisse
1754 2047 1980 2088 formarum
2010 2049 2053 2088 in
2090 2049 2255 2089 maiori-

253 2125 330 2167 bus
358 2123 646 2165 donationibus
673 2121 1026 2172 adhibendarum,
1058 2132 1194 2173 neque
1223 2120 1310 2176 veri
1338 2120 1478 2161 simile.
1500 2126 1582 2173 est,
1615 2123 1796 2176 personis
1822 2136 1906 2179 non
1937 2124 2112 2177 exceptis
2131 2135 2255 2178 prae—

249 2199 577 2253 scriptas-&uisse
608 2197 969 2248 ronnas-,-·qffibus
991 2208 1158 2248 semper
1189 2201 1275 2235 erat
1306 2206 1419 2248 opus*
1437 2196 1483 2236 in
1516 2197 1700 2239 dominio
1732 2198 2016 2250 acquirendo,
2042 2199 2126 2242 sine
2158 2200 2253 2252 qui—

248 2277 332 2317 bus
363 2275 523 2317 valere
520 2277 716 2327 poterat
726 2274 841 2314 nulla
880 2273 1073 2322 donatio,
1113 2286 1209 2313 nam
1247 2285 1358 2324 quae
1396 2278 1536 2325 potest
1576 2273 1655 2314 dici
1697 2274 1884 2324 donatio,
1928 2274 2002 2314 nisi
2040 2275 2253 2327 peificitur

256 2352 418 2395 modis
422 2349 690 2403 acquirendi,
711 2349 772 2390 .-.L
803 2348 845 2391 9.
877 2345 920 2406 ξ.
952 2348 992 2433 3.
1020 2347 1071 2389 D.
1091 2347 1159 2432 de
1191 2347 1347 2433 donatt.
1378 2346 1553 2389 Dauara·
1580 2356 1665 2389 mm
1692 2354 1856 2404 potest,
1887 2348 1973 2390 nisi
2002 2350 2119 2406 quod
2160 2351 2253 2393 eius

238 2426 305 2485 fit
340 2425 410 2468 cui
442 2426 672 2466 donatur.
959 2442 964 2447 ·
1011 2462 1026 2465 ..
1516 2446 1518 2449 ·
2160 2450 2163 2454 -

321 2524 325 2529 ·
373 2501 499 2542 Modi
518 2505 664 2541 antem
684 2500 851 2552 antiqui
881 2500 1105 2553 temporis,
1138 2499 1209 2553 qui
1240 2504 1287 2540 ut
1315 2499 1357 2538 in
1399 2498 1682 2540 transferendo
1713 2499 1894 2540 dominio
1927 2500 2069 2544 locum
2084 2500 2253 2542 habue-

252 2583 347 2629 runt
375 2578 452 2615 ita'
461 2577 583 2615 etiam
613 2577 672 2614 in
686 2576 997 2629 donationibus,
1027 2576 1097 2614 hi
1110 2576 1249 2614 fuere.
1296 2594 1300 2601 ¹

376 2664 449 2691 res
476 2650 671 2719 mancipi
702 2650 744 2690 in
776 2650 950 2702 alienam
980 2662 1150 2690 manum
1178 2648 1462 2710 tradebantur
1482 2649 1781 2702 mancipatione
1812 2650 1878 2691 vel
1905 2651 1946 2690 in
1986 2651 2099 2704 iul-‘e
2103 2653 2253 2710 cessio-

249 2742 308 2769 ne
338 2719 469 2781 [Ulp.,
471 2701 633 2778 XIX,.
645 2724 687 2780 3
718 2716 814 2770 Gai.
843 2722 1014 2778 1,119
1055 2696 1182 2788 sqq-J',
1201 2715 1363 2781 quibus
1377 2701 1523 2767 formis
1550 2723 1672 2763 etiam
1703 2730 1848 2776 postea
1878 2709 2119 2783 utebantur,
2151 2733 2254 2768 teste

1763 2799 1794 2840 *l
