2519 3077
267 208 368 251 sliu
397 203 605 248 accoes‘me
633 216 713 260 per
737 202 911 247 liberam
941 202 1124 248 lotorum
1151 202 1554 260 interpretationem,
1586 203 1659 259 qui
1689 202 1798 246 hanc
1824 203 2081 261 disciplinam
2104 222 2267 252 summo

260 294 390 340 opere
419 280 663 331 excolerent,
691 284 852 322 tantum
882 278 998 323 abest
1027 283 1075 320 ut
1098 279 1273 336 anjam,
1304 283 1352 321 ut
1376 278 1619 321 subtilitates
1648 280 1882 336 multasque
1895 313 1898 316 ⁴
1912 281 2093 338 argutias
2126 286 2179 327 ab
2210 286 2258 329 iis

260 357 394 400 illatas
410 371 496 400 eme
526 354 789 406 contendam,
819 355 925 396 inter
939 368 1043 410 quas
1072 355 1254 410 primum
1283 355 1360 396 nisi
1388 354 1514 397 fallor
1544 356 1709 397 accessit
1737 363 2033 412 praeceptum,
2067 371 2263 414 personas

264 439 455 490 exceptas
485 446 511 474 a
534 430 679 473 ritibus
704 429 942 486 acquirendi
971 429 1210 471 vexantibus
1248 443 1334 472 esse
1378 429 1635 483 liberandas,
1676 432 1952 485 sequebantur
1990 433 2165 490 regulae
2208 436 2264 477 ed

264 509 398 551 modis
434 523 464 550 s.
513 506 657 548 formis
706 505 979 547 donationum
1030 504 1346 549 immodicarum
1408 506 1521 560 (Vnt.
1583 506 1798 563 anmm.
1857 504 1935 565 ξς.
1982 508 2085 550 28⁰.
2143 510 2268 568 271.)

263 585 555 641 promissarum
583 581 699 636 (Vnt.
729 580 898 637 Fragm.
925 576 968 638 §.
1009 564 1121 634 311)
1161 580 1268 633 rell„
1309 581 1457 636 quibus
1498 581 1698 638 neglectis
1732 582 1927 624 auxilinm
1970 585 2276 640 suppeditabat,

265 658 457 701 donatori
484 655 590 714 leg'n
619 655 789 698 Cindac
818 656 1020 711 exceptio.
1080 655 1151 697 Sic
1180 656 1375 712 pluruma
1399 662 1624 713 praecepta
1654 656 1709 698 de
1738 655 1874 698 modis
1905 655 2088 699 donandi
2118 655 2282 716 Ιεςιιιι-’

264 740 333 776 tur
363 732 610 776 Diocletiani
639 731 898 787 aliorumque
928 731 1094 773 nomine
1124 745 1175 773 ex
1205 731 1345 773 seculo
1375 732 1499 773 tertio
1531 737 1575 774 et
1603 737 1775 787 quarto,
1805 746 1882 773 nec
1907 733 2153 789 permittunt
2172 736 2269 778 fon-

264 816 348 861 tes,
378 808 482 850 tales
511 808 611 848 ritus
636 812 679 848 et
708 806 907 862 ambages
936 806 1190 862 reipublicae
1219 807 1374 848 liberae
1403 811 1595 863 tempore
1635 808 1831 863 accipere.
1893 807 2014 859 Quae
2054 822 2150 850 cum
2191 812 2268 853 ab-

265 884 464 925 horreant
493 883 548 925 ab
578 882 756 925 utilitate
785 880 1105 937 philologorum
1133 887 1336 923 vetustam
1366 882 1609 931 memoriam
1638 896 1688 924 ex
1732 882 1959 924 litterarum
1996 887 2270 927 monumentis

266 959 542 1015 repetentium
590 963 634 999 et
673 956 1007 1012 quodammodo,
1027 958 1357 1010 restauratum,
1383 957 1479 1000 vela
1518 956 1720 999 contraho
1762 959 2112 1000 commentationis
2151 974 2270 1002 meae

266 1033 455 1089 nihilque
486 1032 663 1089 amplius
694 1030 830 1082 addo,
863 1044 989 1085 quam
1020 1037 1066 1072 ut
1096 1032 1274 1073 breviter
1290 1032 1545 1087 complectar
1574 1032 1715 1074 ambas
1744 1032 1933 1089 regulas,
1965 1047 2067 1089 quas
2088 1048 2182 1077 meo
2204 1036 2270 1080 iu.

269 1109 376 1154 dicio
407 1110 546 1169 posuit
576 1107 644 1150 lex
675 1106 815 1148 Cincia
847 1106 941 1148 anni
968 1104 1062 1148 550
1101 1121 1136 1148 a.
1167 1121 1208 1149 u.

371 1185 447 1238 -1,
478 1184 720 1227 donationes
745 1183 854 1224 ultra
884 1187 1041 1223 certum
1072 1183 1246 1225 modum
1275 1182 1486 1239 improbat
1514 1183 1771 1239 respublica,

394 1260 449 1313 2,
482 1243 651 1318 cognati
680 1258 1007 1300 coniunctissumi
1036 1263 1130 1298 sunt
1161 1258 1323 1312 excepti
1350 1259 1405 1300 ab
1435 1258 1517 1299 hac
1546 1270 1712 1310 norma,

269 1352 365 1381 nam
396 1336 451 1378 de
488 1334 624 1376 modis
686 1334 924 1388 acquirendi
969 1340 1163 1389 tempore
1181 1333 1288 1375 illo
1312 1334 1420 1376 nihil
1457 1347 1544 1375 esse
1576 1333 1877 1390 praescriptum
1912 1334 2091 1378 animum
2129 1338 2270 1382 induxi

270 1427 421 1457 meum.
481 1410 599 1453 Haec
628 1415 758 1465 puto,
788 1422 873 1451 non
903 1408 1033 1450 modo
1064 1423 1148 1451 non
1178 1409 1311 1451 aliena
1340 1415 1435 1452 sunt
1464 1423 1491 1450 a
1526 1423 1625 1451 vera
1661 1409 1769 1450 illins
1810 1410 1955 1452 aetatis
1994 1411 2157 1466 indole,
2198 1416 2272 1457 sed

270 1490 339 1531 vel
368 1500 557 1530 maxume
588 1489 840 1542 congruunt,
870 1483 916 1525 id
947 1484 1065 1540 quod
1095 1485 1345 1541 antiquitatis
1374 1483 1656 1541 investigator-i
1695 1498 1859 1540 semper
1898 1490 1959 1526 est
1999 1489 2269 1543 spectandum

273 1570 316 1607 et
345 1561 658 1606 observandum.

402 1696 484 1728 Plin.
505 1703 555 1735 cp.
574 1694 623 1731 V,
645 1695 698 1725 21.
717 1692 758 1725 cf.
779 1692 815 1725 C.
844 1693 885 1725 G.
906 1692 945 1724 L.
966 1692 1006 1724 de
1026 1692 1137 1733 Weybi
1157 1690 1229 1726 lib'ri
1252 1698 1319 1726 tres
1348 1692 1448 1725 edicti
1466 1701 1492 1724 s,
1517 1691 1559 1724 de
1580 1692 1702 1732 origine
1727 1691 1862 1731 fatisque
1882 1693 2144 1735 iurisprndentiae
2162 1697 2269 1737 Rom,

403 1752 590 1795 praesertim
612 1747 787 1780 edictorum
807 1750 964 1789 praetoris
985 1759 1024 1781 ac
1045 1750 1088 1781 de
1109 1749 1210 1782 foma
1233 1751 1328 1782 edicti
1346 1748 1501 1790 perpetui.
1524 1748 1603 1781 Ceu.
1623 1750 1715 1780 1821.
1732 1748 1779 1780 ΙΙΙ.
1802 1749 1896 1782 Hom
1918 1752 2020 1784 oratio
2032 1752 2073 1785 dc
2093 1754 2163 1786 iure
2172 1764 2269 1796 prae-

405 1810 489 1843 torio
512 1818 583 1841 cum
601 1807 687 1848 apud
708 1806 871 1838 Romanos
894 1810 959 1838 tum
984 1807 1067 1848 apud
1088 1809 1209 1848 anglos
1232 1808 1273 1840 ad
1294 1809 1344 1840 ins
1365 1808 1457 1840 civile
1478 1806 1687 1847 supplendum
1708 1811 1742 1838 et
1769 1808 1998 1843 emendandum
2025 1812 2209 1851 aptiumm,
2239 1814 2270 1844 in

401 1866 520 1899 'annau
540 1865 628 1897 acad.
653 1863 808 1903 Grouing.
829 1865 923 1895 1822.
963 1863 1138 1903 Schradcri
1158 1866 1184 1897 1.
1207 1865 1261 1901 die
1279 1868 1380 1906 praet.
1400 1863 1517 1896 Edicto
1536 1861 1595 1894 der
1614 1861 1716 1904 Rom„
1731 1861 1882 1898 We'nnar.
1911 1866 2006 1900 1815.
2059 1866 2159 1901 Plura
2176 1878 2271 1911 repe-

404 1924 469 1955 ries
490 1922 574 1963 apud
594 1920 809 1953 Hauboldium
834 1921 930 1952 instit.
954 1922 1012 1952 iur.
1032 1921 1124 1953 Rom.
1150 1923 1304 1953 lineatum.
1330 1922 1380 1953 ed.
1401 1922 1480 1951 Otto
1501 1930 1531 1959 p.
1556 1921 1628 1951 1³⁸.
1650 1919 1816 1951 Zimmem.
1838 1920 1880 1953 R„
1902 1922 1943 1955 R.
1961 1924 2077 1957 Gescb.
2096 1925 2131 1963 1,
2166 1928 2207 1964 1,
2238 1936 2269 1967 p.

405 1980 469 2012 ue
489 1987 557 2021 sqq.
571 1981 610 2012 et
629 1976 712 2020 apud
729 1976 872 2011 Holtium
893 1976 925 2010 in
946 1986 1043 2011 aureo
1063 1978 1190 2012 libello:
1218 1978 1371 2012 lincnmm.
1387 1975 1525 2031 histimj.
1545 1975 1639 2010 Rom.
1663 1986 1692 2019 p.
1714 1978 1757 2009 79
1779 1985 1848 2018 sqq.
