<?xml version="1.0" encoding="UTF-8"?>
<!DOCTYPE html PUBLIC "-//W3C//DTD XHTML 1.0 Transitional//EN"
    "http://www.w3.org/TR/xhtml1/DTD/xhtml1-transitional.dtd">
<html xmlns="http://www.w3.org/1999/xhtml" xml:lang="en" lang="en">
 <head>
  <title>
</title>
<meta http-equiv="Content-Type" content="text/html;charset=utf-8" />
  <meta name='ocr-system' content='tesseract 3.04.00' />
  <meta name='ocr-capabilities' content='ocr_page ocr_carea ocr_par ocr_line ocrx_word'/>
</head>
<body>
  <div class='ocr_page' id='page_1' title='image "4769599_0019.png"; bbox 0 0 2519 3077; ppageno 0'>
   <div class='ocr_carea' id='block_1_1' title="bbox 1070 130 1443 181">
    <p class='ocr_par' dir='ltr' id='par_1_1' title="bbox 1070 130 1443 193">
     <span class='ocr_line' id='line_1_1' title="bbox 1070 130 1443 181; baseline 0 0"><span class='ocrx_word' id='word_1_1' title='bbox 1070 130 1443 181; x_wconf 77' lang='grc' dir='ltr'>·-.·Ῑ.3.-</span> 
     </span>
    </p>
   </div>
   <div class='ocr_carea' id='block_1_2' title="bbox 233 241 2259 1667">
    <p class='ocr_par' dir='ltr' id='par_1_2' title="bbox 262 241 2259 607">
     <span class='ocr_line' id='line_1_2' title="bbox 266 241 2257 312; baseline -0.002 -18"><span class='ocrx_word' id='word_1_2' title='bbox 266 253 351 294; x_wconf 84' lang='lat' dir='ltr'><strong>hoc</strong></span> <span class='ocrx_word' id='word_1_3' title='bbox 380 247 574 290; x_wconf 87' lang='lat' dir='ltr'><strong>iudicium</strong></span> <span class='ocrx_word' id='word_1_4' title='bbox 607 246 812 302; x_wconf 85' lang='lat' dir='ltr'><strong>appellari</strong></span> <span class='ocrx_word' id='word_1_5' title='bbox 843 246 884 287; x_wconf 95' lang='lat' dir='ltr'><strong>b.</strong></span> <span class='ocrx_word' id='word_1_6' title='bbox 916 244 945 286; x_wconf 82' lang='lat' dir='ltr'><strong>f.</strong></span> <span class='ocrx_word' id='word_1_7' title='bbox 976 241 1121 305; x_wconf 83' lang='lat' dir='ltr'><strong>quod,</strong></span> <span class='ocrx_word' id='word_1_8' title='bbox 1141 254 1408 306; x_wconf 67' lang='lat' dir='ltr'><strong>quamquam</strong></span> <span class='ocrx_word' id='word_1_9' title='bbox 1421 243 1526 303; x_wconf 78' lang='lat' dir='ltr'><strong>absit</strong></span> <span class='ocrx_word' id='word_1_10' title='bbox 1557 244 1857 307; x_wconf 62' lang='lat' dir='ltr'><strong>mmpensntio,</strong></span> <span class='ocrx_word' id='word_1_11' title='bbox 1888 243 2065 311; x_wconf 62' lang='lat' dir='ltr'><strong>{Mer</strong></span> <span class='ocrx_word' id='word_1_12' title='bbox 2055 247 2257 312; x_wconf 69' lang='lat' dir='ltr'><strong>nespice-</strong></span> 
     </span>
     <span class='ocr_line' id='line_1_3' title="bbox 265 310 2258 404; baseline -0.002 -36"><span class='ocrx_word' id='word_1_13' title='bbox 265 320 311 368; x_wconf 87' lang='lat' dir='ltr'><strong>re</strong></span> <span class='ocrx_word' id='word_1_14' title='bbox 340 325 493 368; x_wconf 88' lang='lat' dir='ltr'><strong>debeat</strong></span> <span class='ocrx_word' id='word_1_15' title='bbox 524 324 581 365; x_wconf 87' lang='lat' dir='ltr'><strong>ad</strong></span> <span class='ocrx_word' id='word_1_16' title='bbox 611 337 794 375; x_wconf 81' lang='lat' dir='ltr'><strong>moram,</strong></span> <span class='ocrx_word' id='word_1_17' title='bbox 828 322 1015 376; x_wconf 81' lang='lat' dir='ltr'><strong>culpam,</strong></span> <span class='ocrx_word' id='word_1_18' title='bbox 1046 333 1185 362; x_wconf 73' lang='lat' dir='ltr'><strong>usin-as</strong></span> <span class='ocrx_word' id='word_1_19' title='bbox 1214 326 1256 363; x_wconf 88' lang='lat' dir='ltr'><strong>et</strong></span> <span class='ocrx_word' id='word_1_20' title='bbox 1284 310 1464 374; x_wconf 84' lang='lat' dir='ltr'><strong>srucius,</strong></span> <span class='ocrx_word' id='word_1_21' title='bbox 1488 321 1540 364; x_wconf 80' lang='lat' dir='ltr'><strong>id</strong></span> <span class='ocrx_word' id='word_1_22' title='bbox 1582 322 1697 375; x_wconf 89' lang='lat' dir='ltr'><strong>quod</strong></span> <span class='ocrx_word' id='word_1_23' title='bbox 1736 328 1849 371; x_wconf 84' lang='lat' dir='ltr'><strong>recte</strong></span> <span class='ocrx_word' id='word_1_24' title='bbox 1887 322 2012 376; x_wconf 56' lang='lat' dir='ltr'><strong>Q&#39;dit,</strong></span> <span class='ocrx_word' id='word_1_25' title='bbox 2052 313 2156 365; x_wconf 61' lang='lat' dir='ltr'><strong>isam</strong></span> <span class='ocrx_word' id='word_1_26' title='bbox 2170 338 2258 404; x_wconf 79' lang='lat' dir='ltr'><strong>cur</strong></span> 
     </span>
     <span class='ocr_line' id='line_1_4' title="bbox 262 375 2259 458; baseline -0.002 -14"><span class='ocrx_word' id='word_1_27' title='bbox 262 403 388 444; x_wconf 81' lang='lat' dir='ltr'><strong>verba</strong></span> <span class='ocrx_word' id='word_1_28' title='bbox 419 416 470 444; x_wconf 80' lang='lat' dir='ltr'><strong>ex</strong></span> <span class='ocrx_word' id='word_1_29' title='bbox 484 400 594 458; x_wconf 84' lang='lat' dir='ltr'><strong>fide</strong></span> <span class='ocrx_word' id='word_1_30' title='bbox 626 400 741 440; x_wconf 82' lang='lat' dir='ltr'><strong>bona</strong></span> <span class='ocrx_word' id='word_1_31' title='bbox 766 414 851 440; x_wconf 91' lang='lat' dir='ltr'><strong>non</strong></span> <span class='ocrx_word' id='word_1_32' title='bbox 876 398 999 438; x_wconf 87' lang='lat' dir='ltr'><strong>etiam</strong></span> <span class='ocrx_word' id='word_1_33' title='bbox 1029 397 1209 448; x_wconf 88' lang='lat' dir='ltr'><strong>iudiciis,</strong></span> <span class='ocrx_word' id='word_1_34' title='bbox 1242 411 1348 450; x_wconf 89' lang='lat' dir='ltr'><strong>qnae</strong></span> <span class='ocrx_word' id='word_1_35' title='bbox 1385 399 1556 452; x_wconf 84' lang='lat' dir='ltr'><strong>proprie</strong></span> <span class='ocrx_word' id='word_1_36' title='bbox 1588 399 1716 439; x_wconf 86' lang='lat' dir='ltr'><strong>stricti</strong></span> <span class='ocrx_word' id='word_1_37' title='bbox 1752 399 1847 440; x_wconf 78' lang='lat' dir='ltr'><strong>iuris</strong></span> <span class='ocrx_word' id='word_1_38' title='bbox 1890 399 2042 457; x_wconf 60' lang='lat' dir='ltr'><strong>esent,</strong></span> <span class='ocrx_word' id='word_1_39' title='bbox 2081 375 2259 447; x_wconf 67' lang='lat' dir='ltr'><strong>adderet</strong></span> 
     </span>
     <span class='ocr_line' id='line_1_5' title="bbox 263 471 2257 533; baseline -0.001 -13"><span class='ocrx_word' id='word_1_40' title='bbox 263 478 449 530; x_wconf 86' lang='lat' dir='ltr'><strong>Praetor,</strong></span> <span class='ocrx_word' id='word_1_41' title='bbox 479 482 520 517; x_wconf 90' lang='lat' dir='ltr'><strong>et</strong></span> <span class='ocrx_word' id='word_1_42' title='bbox 565 488 637 517; x_wconf 89' lang='lat' dir='ltr'><strong>cur</strong></span> <span class='ocrx_word' id='word_1_43' title='bbox 668 481 782 517; x_wconf 85' lang='lat' dir='ltr'><strong>actor</strong></span> <span class='ocrx_word' id='word_1_44' title='bbox 811 488 894 516; x_wconf 90' lang='lat' dir='ltr'><strong>non</strong></span> <span class='ocrx_word' id='word_1_45' title='bbox 924 473 1019 528; x_wconf 86' lang='lat' dir='ltr'><strong>plus</strong></span> <span class='ocrx_word' id='word_1_46' title='bbox 1049 478 1232 528; x_wconf 87' lang='lat' dir='ltr'><strong>peteret,</strong></span> <span class='ocrx_word' id='word_1_47' title='bbox 1264 486 1391 526; x_wconf 88' lang='lat' dir='ltr'><strong>quum</strong></span> <span class='ocrx_word' id='word_1_48' title='bbox 1422 474 1538 527; x_wconf 90' lang='lat' dir='ltr'><strong>quod</strong></span> <span class='ocrx_word' id='word_1_49' title='bbox 1560 473 1642 516; x_wconf 85' lang='lat' dir='ltr'><strong>sibi</strong></span> <span class='ocrx_word' id='word_1_50' title='bbox 1668 473 1886 517; x_wconf 79' lang='lat' dir='ltr'><strong>deberetur</strong></span> <span class='ocrx_word' id='word_1_51' title='bbox 1916 488 1975 517; x_wconf 80' lang='lat' dir='ltr'><strong>ex</strong></span> <span class='ocrx_word' id='word_1_52' title='bbox 1985 471 2257 533; x_wconf 64' lang='lat' dir='ltr'><strong>obligatione,</strong></span> 
     </span>
     <span class='ocr_line' id='line_1_6' title="bbox 262 548 2098 607; baseline -0.002 -12"><span class='ocrx_word' id='word_1_53' title='bbox 262 554 333 595; x_wconf 90' lang='lat' dir='ltr'><strong>ubi</strong></span> <span class='ocrx_word' id='word_1_54' title='bbox 394 551 463 594; x_wconf 82' lang='lat' dir='ltr'><strong>vel</strong></span> <span class='ocrx_word' id='word_1_55' title='bbox 495 550 711 593; x_wconf 89' lang='lat' dir='ltr'><strong>deficiente</strong></span> <span class='ocrx_word' id='word_1_56' title='bbox 742 548 1074 604; x_wconf 77' lang='lat' dir='ltr'><strong>compensatione</strong></span> <span class='ocrx_word' id='word_1_57' title='bbox 1127 548 1378 605; x_wconf 78' lang='lat' dir='ltr'><strong>aequitatem</strong></span> <span class='ocrx_word' id='word_1_58' title='bbox 1405 550 1555 592; x_wconf 84' lang='lat' dir='ltr'><strong>servari</strong></span> <span class='ocrx_word' id='word_1_59' title='bbox 1583 549 1733 602; x_wconf 85' lang='lat' dir='ltr'><strong>vellet,</strong></span> <span class='ocrx_word' id='word_1_60' title='bbox 1773 563 1858 592; x_wconf 87' lang='lat' dir='ltr'><strong>non</strong></span> <span class='ocrx_word' id='word_1_61' title='bbox 1886 550 2098 607; x_wconf 76' lang='lat' dir='ltr'><strong>intellego.</strong></span> 
     </span>
    </p>

    <p class='ocr_par' dir='ltr' id='par_1_3' title="bbox 233 603 2258 1667">
     <span class='ocr_line' id='line_1_7' title="bbox 382 603 2258 680; baseline 0 -12"><span class='ocrx_word' id='word_1_62' title='bbox 382 626 472 668; x_wconf 87' lang='lat' dir='ltr'><strong>Sed</strong></span> <span class='ocrx_word' id='word_1_63' title='bbox 504 627 636 668; x_wconf 83' lang='lat' dir='ltr'><strong>oratio</strong></span> <span class='ocrx_word' id='word_1_64' title='bbox 668 639 751 667; x_wconf 91' lang='lat' dir='ltr'><strong>non</strong></span> <span class='ocrx_word' id='word_1_65' title='bbox 783 630 921 679; x_wconf 85' lang='lat' dir='ltr'><strong>potest</strong></span> <span class='ocrx_word' id='word_1_66' title='bbox 951 625 1206 678; x_wconf 85' lang='lat' dir='ltr'><strong>acquiescere</strong></span> <span class='ocrx_word' id='word_1_67' title='bbox 1235 623 1278 667; x_wconf 87' lang='lat' dir='ltr'><strong>in</strong></span> <span class='ocrx_word' id='word_1_68' title='bbox 1309 623 1390 665; x_wconf 86' lang='lat' dir='ltr'><strong>hac</strong></span> <span class='ocrx_word' id='word_1_69' title='bbox 1420 624 1715 680; x_wconf 71' lang='lat' dir='ltr'><strong>descriptione,</strong></span> <span class='ocrx_word' id='word_1_70' title='bbox 1748 624 1803 666; x_wconf 89' lang='lat' dir='ltr'><strong>ad</strong></span> <span class='ocrx_word' id='word_1_71' title='bbox 1830 637 1956 679; x_wconf 87' lang='lat' dir='ltr'><strong>quam</strong></span> <span class='ocrx_word' id='word_1_72' title='bbox 1996 603 2258 680; x_wconf 61' lang='lat' dir='ltr'><strong>probandum</strong></span> 
     </span>
     <span class='ocr_line' id='line_1_8' title="bbox 260 701 2256 758; baseline -0.001 -14"><span class='ocrx_word' id='word_1_73' title='bbox 260 702 439 744; x_wconf 89' lang='lat' dir='ltr'><strong>multum</strong></span> <span class='ocrx_word' id='word_1_74' title='bbox 471 702 656 743; x_wconf 84' lang='lat' dir='ltr'><strong>conferet</strong></span> <span class='ocrx_word' id='word_1_75' title='bbox 689 701 906 756; x_wconf 82' lang='lat' dir='ltr'><strong>explicatio</strong></span> <span class='ocrx_word' id='word_1_76' title='bbox 934 701 1101 758; x_wconf 86' lang='lat' dir='ltr'><strong>originis</strong></span> <span class='ocrx_word' id='word_1_77' title='bbox 1134 706 1178 742; x_wconf 83' lang='lat' dir='ltr'><strong>et</strong></span> <span class='ocrx_word' id='word_1_78' title='bbox 1207 713 1447 757; x_wconf 85' lang='lat' dir='ltr'><strong>progressus</strong></span> <span class='ocrx_word' id='word_1_79' title='bbox 1497 702 1700 743; x_wconf 88' lang='lat' dir='ltr'><strong>actionum</strong></span> <span class='ocrx_word' id='word_1_80' title='bbox 1715 732 1728 754; x_wconf 93' lang='lat'><strong>,</strong></span> <span class='ocrx_word' id='word_1_81' title='bbox 1760 714 1867 756; x_wconf 87' lang='lat' dir='ltr'><strong>quae</strong></span> <span class='ocrx_word' id='word_1_82' title='bbox 1897 713 2151 755; x_wconf 66' lang='lat' dir='ltr'><strong>quamquam</strong></span> <span class='ocrx_word' id='word_1_83' title='bbox 2175 716 2256 757; x_wconf 83' lang='lat' dir='ltr'><strong>po-</strong></span> 
     </span>
     <span class='ocr_line' id='line_1_9' title="bbox 260 762 2258 844; baseline 0.001 -26"><span class='ocrx_word' id='word_1_84' title='bbox 260 778 335 819; x_wconf 88' lang='lat' dir='ltr'><strong>sita</strong></span> <span class='ocrx_word' id='word_1_85' title='bbox 366 784 427 820; x_wconf 88' lang='lat' dir='ltr'><strong>est</strong></span> <span class='ocrx_word' id='word_1_86' title='bbox 456 779 498 819; x_wconf 92' lang='lat' dir='ltr'><strong>in</strong></span> <span class='ocrx_word' id='word_1_87' title='bbox 527 778 760 818; x_wconf 86' lang='lat' dir='ltr'><strong>coniectura</strong></span> <span class='ocrx_word' id='word_1_88' title='bbox 775 807 787 829; x_wconf 87' lang='lat'>‚</span> <span class='ocrx_word' id='word_1_89' title='bbox 827 777 1000 818; x_wconf 80' lang='lat' dir='ltr'><strong>fortasse</strong></span> <span class='ocrx_word' id='word_1_90' title='bbox 1045 775 1175 818; x_wconf 87' lang='lat' dir='ltr'><strong>habet</strong></span> <span class='ocrx_word' id='word_1_91' title='bbox 1214 777 1362 830; x_wconf 89' lang='lat' dir='ltr'><strong>quibus</strong></span> <span class='ocrx_word' id='word_1_92' title='bbox 1396 762 1715 819; x_wconf 75' lang='lat' dir='ltr'><strong>commendetur.</strong></span> <span class='ocrx_word' id='word_1_93' title='bbox 1782 777 1950 820; x_wconf 77' lang='lat' dir='ltr'><strong>Ultimis</strong></span> <span class='ocrx_word' id='word_1_94' title='bbox 1987 777 2258 844; x_wconf 54' lang='lat' dir='ltr'><strong>temporibus,</strong></span> 
     </span>
     <span class='ocr_line' id='line_1_10' title="bbox 262 852 2257 912; baseline 0.002 -18"><span class='ocrx_word' id='word_1_95' title='bbox 262 866 391 906; x_wconf 89' lang='lat' dir='ltr'><strong>quum</strong></span> <span class='ocrx_word' id='word_1_96' title='bbox 422 867 549 907; x_wconf 88' lang='lat' dir='ltr'><strong>penes</strong></span> <span class='ocrx_word' id='word_1_97' title='bbox 576 867 703 893; x_wconf 91' lang='lat' dir='ltr'><strong>unum</strong></span> <span class='ocrx_word' id='word_1_98' title='bbox 742 858 847 893; x_wconf 88' lang='lat' dir='ltr'><strong>esset</strong></span> <span class='ocrx_word' id='word_1_99' title='bbox 874 865 1033 893; x_wconf 89' lang='lat' dir='ltr'><strong>summa</strong></span> <span class='ocrx_word' id='word_1_100' title='bbox 1061 865 1223 905; x_wconf 88' lang='lat' dir='ltr'><strong>rerum,</strong></span> <span class='ocrx_word' id='word_1_101' title='bbox 1253 865 1371 908; x_wconf 84' lang='lat' dir='ltr'><strong>reges</strong></span> <span class='ocrx_word' id='word_1_102' title='bbox 1401 852 1568 893; x_wconf 84' lang='lat' dir='ltr'><strong>fuerunt</strong></span> <span class='ocrx_word' id='word_1_103' title='bbox 1599 853 1670 905; x_wconf 91' lang='lat' dir='ltr'><strong>qui</strong></span> <span class='ocrx_word' id='word_1_104' title='bbox 1701 853 1857 894; x_wconf 82' lang='lat' dir='ltr'><strong>iudiciis</strong></span> <span class='ocrx_word' id='word_1_105' title='bbox 1887 852 2257 912; x_wconf 15' lang='lat' dir='ltr'><strong>praesiderent-*ins</strong></span> 
     </span>
     <span class='ocr_line' id='line_1_11' title="bbox 260 928 2255 984; baseline 0.001 -15"><span class='ocrx_word' id='word_1_106' title='bbox 260 929 380 970; x_wconf 86' lang='lat' dir='ltr'><strong>civile</strong></span> <span class='ocrx_word' id='word_1_107' title='bbox 409 929 434 969; x_wconf 84' lang='lat' dir='ltr'><strong>i.</strong></span> <span class='ocrx_word' id='word_1_108' title='bbox 468 943 501 970; x_wconf 86' lang='lat' dir='ltr'><strong>e.</strong></span> <span class='ocrx_word' id='word_1_109' title='bbox 534 930 649 984; x_wconf 88' lang='lat' dir='ltr'><strong>leges</strong></span> <span class='ocrx_word' id='word_1_110' title='bbox 682 929 735 969; x_wconf 84' lang='lat' dir='ltr'><strong>ab</strong></span> <span class='ocrx_word' id='word_1_111' title='bbox 762 928 857 982; x_wconf 89' lang='lat' dir='ltr'><strong>ipsis</strong></span> <span class='ocrx_word' id='word_1_112' title='bbox 889 928 1100 982; x_wconf 79' lang='lat' dir='ltr'><strong>profectas</strong></span> <span class='ocrx_word' id='word_1_113' title='bbox 1131 934 1345 982; x_wconf 85' lang='lat' dir='ltr'><strong>sequentes</strong></span> <span class='ocrx_word' id='word_1_114' title='bbox 1376 943 1452 969; x_wconf 88' lang='lat' dir='ltr'><strong>nec</strong></span> <span class='ocrx_word' id='word_1_115' title='bbox 1482 929 1661 970; x_wconf 88' lang='lat' dir='ltr'><strong>litterula</strong></span> <span class='ocrx_word' id='word_1_116' title='bbox 1694 928 1862 981; x_wconf 86' lang='lat' dir='ltr'><strong>quidem</strong></span> <span class='ocrx_word' id='word_1_117' title='bbox 1892 943 1917 969; x_wconf 91' lang='lat' dir='ltr'><strong>a</strong></span> <span class='ocrx_word' id='word_1_118' title='bbox 1957 929 2085 969; x_wconf 83' lang='lat' dir='ltr'><strong>verbo</strong></span> <span class='ocrx_word' id='word_1_119' title='bbox 2125 928 2255 976; x_wconf 87' lang='lat' dir='ltr'><strong>decli·—</strong></span> 
     </span>
     <span class='ocr_line' id='line_1_12' title="bbox 262 1003 2255 1060; baseline 0.001 -14"><span class='ocrx_word' id='word_1_120' title='bbox 262 1011 414 1047; x_wconf 87' lang='lat' dir='ltr'><strong>nantes.</strong></span> <span class='ocrx_word' id='word_1_121' title='bbox 477 1005 584 1047; x_wconf 91' lang='lat' dir='ltr'><strong>Nam</strong></span> <span class='ocrx_word' id='word_1_122' title='bbox 617 1005 705 1057; x_wconf 87' lang='lat' dir='ltr'><strong>quis</strong></span> <span class='ocrx_word' id='word_1_123' title='bbox 738 1010 800 1045; x_wconf 87' lang='lat' dir='ltr'><strong>est</strong></span> <span class='ocrx_word' id='word_1_124' title='bbox 830 1016 954 1058; x_wconf 88' lang='lat' dir='ltr'><strong>quem</strong></span> <span class='ocrx_word' id='word_1_125' title='bbox 986 1003 1145 1060; x_wconf 82' lang='lat' dir='ltr'><strong>fugiat,</strong></span> <span class='ocrx_word' id='word_1_126' title='bbox 1175 1005 1268 1046; x_wconf 88' lang='lat' dir='ltr'><strong>iuris</strong></span> <span class='ocrx_word' id='word_1_127' title='bbox 1295 1005 1538 1059; x_wconf 88' lang='lat' dir='ltr'><strong>principium</strong></span> <span class='ocrx_word' id='word_1_128' title='bbox 1579 1018 1664 1045; x_wconf 88' lang='lat' dir='ltr'><strong>esse</strong></span> <span class='ocrx_word' id='word_1_129' title='bbox 1695 1005 1830 1060; x_wconf 88' lang='lat' dir='ltr'><strong>leges,</strong></span> <span class='ocrx_word' id='word_1_130' title='bbox 1872 1005 1957 1045; x_wconf 88' lang='lat' dir='ltr'><strong>sine</strong></span> <span class='ocrx_word' id='word_1_131' title='bbox 2001 1004 2148 1057; x_wconf 77' lang='lat' dir='ltr'><strong>quibus</strong></span> <span class='ocrx_word' id='word_1_132' title='bbox 2185 1020 2255 1047; x_wconf 87' lang='lat' dir='ltr'><strong>so-</strong></span> 
     </span>
     <span class='ocr_line' id='line_1_13' title="bbox 261 1080 2253 1137; baseline -0.001 -15"><span class='ocrx_word' id='word_1_133' title='bbox 261 1081 415 1122; x_wconf 88' lang='lat' dir='ltr'><strong>cietatis</strong></span> <span class='ocrx_word' id='word_1_134' title='bbox 446 1081 538 1122; x_wconf 88' lang='lat' dir='ltr'><strong>finis</strong></span> <span class='ocrx_word' id='word_1_135' title='bbox 570 1081 719 1136; x_wconf 87' lang='lat' dir='ltr'><strong>attingi</strong></span> <span class='ocrx_word' id='word_1_136' title='bbox 749 1094 833 1121; x_wconf 92' lang='lat' dir='ltr'><strong>non</strong></span> <span class='ocrx_word' id='word_1_137' title='bbox 863 1086 1024 1134; x_wconf 88' lang='lat' dir='ltr'><strong>potest,</strong></span> <span class='ocrx_word' id='word_1_138' title='bbox 1056 1081 1145 1134; x_wconf 85' lang='lat' dir='ltr'><strong>quis</strong></span> <span class='ocrx_word' id='word_1_139' title='bbox 1173 1081 1340 1137; x_wconf 85' lang='lat' dir='ltr'><strong>ignorat</strong></span> <span class='ocrx_word' id='word_1_140' title='bbox 1368 1081 1596 1123; x_wconf 84' lang='lat' dir='ltr'><strong>civitatibus</strong></span> <span class='ocrx_word' id='word_1_141' title='bbox 1627 1080 1853 1122; x_wconf 86' lang='lat' dir='ltr'><strong>formandis</strong></span> <span class='ocrx_word' id='word_1_142' title='bbox 1884 1086 1925 1121; x_wconf 90' lang='lat' dir='ltr'><strong>et</strong></span> <span class='ocrx_word' id='word_1_143' title='bbox 1957 1080 2123 1121; x_wconf 88' lang='lat' dir='ltr'><strong>urbibus</strong></span> <span class='ocrx_word' id='word_1_144' title='bbox 2155 1082 2253 1122; x_wconf 86' lang='lat' dir='ltr'><strong>con-</strong></span> 
     </span>
     <span class='ocr_line' id='line_1_14' title="bbox 261 1155 2254 1214; baseline 0.001 -18"><span class='ocrx_word' id='word_1_145' title='bbox 261 1155 406 1198; x_wconf 83' lang='lat' dir='ltr'><strong>dendis</strong></span> <span class='ocrx_word' id='word_1_146' title='bbox 441 1156 561 1197; x_wconf 87' lang='lat' dir='ltr'><strong>scribi</strong></span> <span class='ocrx_word' id='word_1_147' title='bbox 593 1156 709 1212; x_wconf 89' lang='lat' dir='ltr'><strong>leges</strong></span> <span class='ocrx_word' id='word_1_148' title='bbox 741 1156 869 1197; x_wconf 69' lang='lat' dir='ltr'><strong>civilis</strong></span> <span class='ocrx_word' id='word_1_149' title='bbox 899 1156 1099 1198; x_wconf 89' lang='lat' dir='ltr'><strong>societatis</strong></span> <span class='ocrx_word' id='word_1_150' title='bbox 1129 1156 1312 1209; x_wconf 85' lang='lat' dir='ltr'><strong>vincula,</strong></span> <span class='ocrx_word' id='word_1_151' title='bbox 1344 1170 1450 1211; x_wconf 89' lang='lat' dir='ltr'><strong>quae</strong></span> <span class='ocrx_word' id='word_1_152' title='bbox 1481 1156 1737 1214; x_wconf 85' lang='lat' dir='ltr'><strong>singulorum</strong></span> <span class='ocrx_word' id='word_1_153' title='bbox 1774 1156 2046 1212; x_wconf 85' lang='lat' dir='ltr'><strong>obligationes</strong></span> <span class='ocrx_word' id='word_1_154' title='bbox 2088 1162 2128 1196; x_wconf 90' lang='lat' dir='ltr'><strong>et</strong></span> <span class='ocrx_word' id='word_1_155' title='bbox 2168 1157 2254 1198; x_wconf 88' lang='lat' dir='ltr'><strong>iura</strong></span> 
     </span>
     <span class='ocr_line' id='line_1_15' title="bbox 264 1232 2253 1288; baseline 0.001 -16"><span class='ocrx_word' id='word_1_156' title='bbox 264 1233 514 1273; x_wconf 86' lang='lat' dir='ltr'><strong>continentes</strong></span> <span class='ocrx_word' id='word_1_157' title='bbox 545 1232 659 1272; x_wconf 87' lang='lat' dir='ltr'><strong>initio</strong></span> <span class='ocrx_word' id='word_1_158' title='bbox 690 1238 783 1272; x_wconf 88' lang='lat' dir='ltr'><strong>sunt</strong></span> <span class='ocrx_word' id='word_1_159' title='bbox 814 1245 979 1273; x_wconf 87' lang='lat' dir='ltr'><strong>severae</strong></span> <span class='ocrx_word' id='word_1_160' title='bbox 1009 1232 1209 1274; x_wconf 88' lang='lat' dir='ltr'><strong>molestae</strong></span> <span class='ocrx_word' id='word_1_161' title='bbox 1241 1232 1428 1274; x_wconf 73' lang='lat' dir='ltr'><strong>difficiles</strong></span> <span class='ocrx_word' id='word_1_162' title='bbox 1460 1246 1652 1288; x_wconf 85' lang='lat' dir='ltr'><strong>asperae,</strong></span> <span class='ocrx_word' id='word_1_163' title='bbox 1683 1232 1729 1274; x_wconf 85' lang='lat' dir='ltr'><strong>id</strong></span> <span class='ocrx_word' id='word_1_164' title='bbox 1764 1232 1880 1286; x_wconf 91' lang='lat' dir='ltr'><strong>quod</strong></span> <span class='ocrx_word' id='word_1_165' title='bbox 1918 1232 2102 1273; x_wconf 84' lang='lat' dir='ltr'><strong>videmus</strong></span> <span class='ocrx_word' id='word_1_166' title='bbox 2133 1234 2173 1273; x_wconf 90' lang='lat' dir='ltr'><strong>in</strong></span> <span class='ocrx_word' id='word_1_167' title='bbox 2205 1247 2253 1273; x_wconf 89' lang='lat' dir='ltr'><strong>o—</strong></span> 
     </span>
     <span class='ocr_line' id='line_1_16' title="bbox 261 1308 2254 1365; baseline 0 -16"><span class='ocrx_word' id='word_1_168' title='bbox 261 1309 345 1349; x_wconf 88' lang='lat' dir='ltr'><strong>mni</strong></span> <span class='ocrx_word' id='word_1_169' title='bbox 376 1309 569 1349; x_wconf 87' lang='lat' dir='ltr'><strong>societate</strong></span> <span class='ocrx_word' id='word_1_170' title='bbox 600 1308 756 1349; x_wconf 86' lang='lat' dir='ltr'><strong>oriente</strong></span> <span class='ocrx_word' id='word_1_171' title='bbox 772 1338 784 1358; x_wconf 91' lang='lat'><strong>,</strong></span> <span class='ocrx_word' id='word_1_172' title='bbox 816 1321 923 1361; x_wconf 91' lang='lat' dir='ltr'><strong>quae</strong></span> <span class='ocrx_word' id='word_1_173' title='bbox 954 1308 1202 1350; x_wconf 86' lang='lat' dir='ltr'><strong>firmissuma</strong></span> <span class='ocrx_word' id='word_1_174' title='bbox 1231 1309 1501 1350; x_wconf 83' lang='lat' dir='ltr'><strong>fundamenta</strong></span> <span class='ocrx_word' id='word_1_175' title='bbox 1531 1310 1572 1349; x_wconf 91' lang='lat' dir='ltr'><strong>in</strong></span> <span class='ocrx_word' id='word_1_176' title='bbox 1613 1309 1755 1365; x_wconf 86' lang='lat' dir='ltr'><strong>legum</strong></span> <span class='ocrx_word' id='word_1_177' title='bbox 1796 1308 1924 1350; x_wconf 91' lang='lat' dir='ltr'><strong>habet</strong></span> <span class='ocrx_word' id='word_1_178' title='bbox 1961 1309 2120 1364; x_wconf 87' lang='lat' dir='ltr'><strong>rigore,</strong></span> <span class='ocrx_word' id='word_1_179' title='bbox 2161 1310 2254 1363; x_wconf 85' lang='lat' dir='ltr'><strong>qui-</strong></span> 
     </span>
     <span class='ocr_line' id='line_1_17' title="bbox 263 1382 2255 1440; baseline -0.001 -14"><span class='ocrx_word' id='word_1_180' title='bbox 263 1385 338 1426; x_wconf 88' lang='lat' dir='ltr'><strong>bus</strong></span> <span class='ocrx_word' id='word_1_181' title='bbox 370 1384 402 1426; x_wconf 89' lang='lat' dir='ltr'><strong>si</strong></span> <span class='ocrx_word' id='word_1_182' title='bbox 432 1390 587 1435; x_wconf 87' lang='lat' dir='ltr'><strong>careat,</strong></span> <span class='ocrx_word' id='word_1_183' title='bbox 620 1397 698 1437; x_wconf 90' lang='lat' dir='ltr'><strong>pro</strong></span> <span class='ocrx_word' id='word_1_184' title='bbox 729 1382 859 1425; x_wconf 89' lang='lat' dir='ltr'><strong>nihilo</strong></span> <span class='ocrx_word' id='word_1_185' title='bbox 886 1389 947 1425; x_wconf 91' lang='lat' dir='ltr'><strong>est</strong></span> <span class='ocrx_word' id='word_1_186' title='bbox 977 1383 1182 1425; x_wconf 90' lang='lat' dir='ltr'><strong>habenda.</strong></span> <span class='ocrx_word' id='word_1_187' title='bbox 1235 1384 1319 1426; x_wconf 89' lang='lat' dir='ltr'><strong>Cic.</strong></span> <span class='ocrx_word' id='word_1_188' title='bbox 1347 1385 1402 1425; x_wconf 90' lang='lat' dir='ltr'><strong>de</strong></span> <span class='ocrx_word' id='word_1_189' title='bbox 1432 1386 1548 1440; x_wconf 89' lang='lat' dir='ltr'><strong>legg.</strong></span> <span class='ocrx_word' id='word_1_190' title='bbox 1577 1385 1640 1435; x_wconf 90' lang='lat'><strong>11,</strong></span> <span class='ocrx_word' id='word_1_191' title='bbox 1670 1383 1721 1435; x_wconf 82' lang='lat'><strong>5,</strong></span> <span class='ocrx_word' id='word_1_192' title='bbox 1753 1384 1837 1424; x_wconf 88' lang='lat' dir='ltr'><strong>Cic.</strong></span> <span class='ocrx_word' id='word_1_193' title='bbox 1876 1398 1955 1438; x_wconf 87' lang='lat' dir='ltr'><strong>pro</strong></span> <span class='ocrx_word' id='word_1_194' title='bbox 1988 1385 2152 1428; x_wconf 77' lang='lat' dir='ltr'><strong>Cluent.</strong></span> <span class='ocrx_word' id='word_1_195' title='bbox 2184 1386 2255 1430; x_wconf 79' lang='lat'><strong>53,</strong></span> 
     </span>
     <span class='ocr_line' id='line_1_18' title="bbox 265 1458 2256 1513; baseline 0 -12"><span class='ocrx_word' id='word_1_196' title='bbox 265 1458 365 1502; x_wconf 83' lang='lat'>146.</span> <span class='ocrx_word' id='word_1_197' title='bbox 428 1460 530 1502; x_wconf 90' lang='lat' dir='ltr'><strong>Tac.</strong></span> <span class='ocrx_word' id='word_1_198' title='bbox 569 1460 674 1501; x_wconf 86' lang='lat' dir='ltr'><strong>Ann.</strong></span> <span class='ocrx_word' id='word_1_199' title='bbox 715 1458 797 1511; x_wconf 88' lang='lat'><strong>111,</strong></span> <span class='ocrx_word' id='word_1_200' title='bbox 839 1458 909 1500; x_wconf 84' lang='lat'><strong>26.</strong></span> <span class='ocrx_word' id='word_1_201' title='bbox 959 1459 1029 1500; x_wconf 80' lang='lat'><strong>27.</strong></span> <span class='ocrx_word' id='word_1_202' title='bbox 1093 1459 1233 1511; x_wconf 83' lang='lat' dir='ltr'><strong>Quare</strong></span> <span class='ocrx_word' id='word_1_203' title='bbox 1272 1461 1433 1503; x_wconf 85' lang='lat' dir='ltr'><strong>Romae</strong></span> <span class='ocrx_word' id='word_1_204' title='bbox 1473 1473 1641 1513; x_wconf 87' lang='lat' dir='ltr'><strong>quoque</strong></span> <span class='ocrx_word' id='word_1_205' title='bbox 1682 1459 1851 1510; x_wconf 87' lang='lat' dir='ltr'><strong>antiquo</strong></span> <span class='ocrx_word' id='word_1_206' title='bbox 1895 1466 2082 1512; x_wconf 87' lang='lat' dir='ltr'><strong>tempore</strong></span> <span class='ocrx_word' id='word_1_207' title='bbox 2121 1462 2256 1501; x_wconf 82' lang='lat' dir='ltr'><strong>omnia</strong></span> 
     </span>
     <span class='ocr_line' id='line_1_19' title="bbox 233 1533 2255 1591; baseline -0.001 -14"><span class='ocrx_word' id='word_1_208' title='bbox 233 1581 235 1583; x_wconf 54' lang='grc'>,</span> <span class='ocrx_word' id='word_1_209' title='bbox 259 1538 351 1577; x_wconf 88' lang='lat' dir='ltr'><strong>iura</strong></span> <span class='ocrx_word' id='word_1_210' title='bbox 382 1542 423 1576; x_wconf 89' lang='lat' dir='ltr'><strong>et</strong></span> <span class='ocrx_word' id='word_1_211' title='bbox 453 1536 569 1591; x_wconf 88' lang='lat' dir='ltr'><strong>leges</strong></span> <span class='ocrx_word' id='word_1_212' title='bbox 600 1535 741 1576; x_wconf 85' lang='lat' dir='ltr'><strong>formis</strong></span> <span class='ocrx_word' id='word_1_213' title='bbox 771 1535 915 1575; x_wconf 89' lang='lat' dir='ltr'><strong>strictis</strong></span> <span class='ocrx_word' id='word_1_214' title='bbox 947 1540 1062 1575; x_wconf 89' lang='lat' dir='ltr'><strong>erant</strong></span> <span class='ocrx_word' id='word_1_215' title='bbox 1102 1535 1264 1576; x_wconf 87' lang='lat' dir='ltr'><strong>firmata</strong></span> <span class='ocrx_word' id='word_1_216' title='bbox 1299 1542 1341 1576; x_wconf 89' lang='lat' dir='ltr'><strong>et</strong></span> <span class='ocrx_word' id='word_1_217' title='bbox 1381 1535 1544 1576; x_wconf 84' lang='lat' dir='ltr'><strong>stabilia</strong></span> <span class='ocrx_word' id='word_1_218' title='bbox 1583 1533 1766 1585; x_wconf 85' lang='lat' dir='ltr'><strong>reddita,</strong></span> <span class='ocrx_word' id='word_1_219' title='bbox 1807 1534 1867 1574; x_wconf 91' lang='lat' dir='ltr'><strong>uti</strong></span> <span class='ocrx_word' id='word_1_220' title='bbox 1899 1540 2009 1574; x_wconf 88' lang='lat' dir='ltr'><strong>recte</strong></span> <span class='ocrx_word' id='word_1_221' title='bbox 2049 1537 2255 1588; x_wconf 78' lang='lat' dir='ltr'><strong>perspexit</strong></span> 
     </span>
     <span class='ocr_line' id='line_1_20' title="bbox 262 1609 2253 1667; baseline -0.001 -14"><span class='ocrx_word' id='word_1_222' title='bbox 262 1611 456 1667; x_wconf 87' lang='lat' dir='ltr'><strong>Ungerus</strong></span> <span class='ocrx_word' id='word_1_223' title='bbox 488 1611 530 1652; x_wconf 89' lang='lat' dir='ltr'><strong>in</strong></span> <span class='ocrx_word' id='word_1_224' title='bbox 561 1611 703 1652; x_wconf 91' lang='lat' dir='ltr'><strong>libello</strong></span> <span class='ocrx_word' id='word_1_225' title='bbox 737 1609 791 1651; x_wconf 88' lang='lat' dir='ltr'><strong>de</strong></span> <span class='ocrx_word' id='word_1_226' title='bbox 825 1609 1001 1651; x_wconf 91' lang='lat' dir='ltr'><strong>duorum</strong></span> <span class='ocrx_word' id='word_1_227' title='bbox 1033 1611 1348 1665; x_wconf 89' lang='lat' dir='ltr'><strong>praecipuorum</strong></span> <span class='ocrx_word' id='word_1_228' title='bbox 1388 1609 1725 1665; x_wconf 85' lang='lat' dir='ltr'><strong>iurisprudentiae</strong></span> <span class='ocrx_word' id='word_1_229' title='bbox 1764 1609 1879 1663; x_wconf 90' lang='lat' dir='ltr'><strong>apud</strong></span> <span class='ocrx_word' id='word_1_230' title='bbox 1919 1616 2076 1651; x_wconf 82' lang='lat' dir='ltr'><strong>veteres</strong></span> <span class='ocrx_word' id='word_1_231' title='bbox 2122 1618 2253 1665; x_wconf 81' lang='lat' dir='ltr'><strong>syste-</strong></span> 
     </span>
    </p>
   </div>
   <div class='ocr_carea' id='block_1_3' title="bbox 184 1684 2255 1742">
    <p class='ocr_par' dir='ltr' id='par_1_4' title="bbox 184 1684 2255 1742">
     <span class='ocr_line' id='line_1_21' title="bbox 184 1684 2255 1742; baseline -0 -13"><span class='ocrx_word' id='word_1_232' title='bbox 184 1710 187 1713; x_wconf 36' lang='grc' dir='ltr'><em>ν</em></span> <span class='ocrx_word' id='word_1_233' title='bbox 262 1693 419 1729; x_wconf 84' lang='lat' dir='ltr'><strong>matum</strong></span> <span class='ocrx_word' id='word_1_234' title='bbox 452 1686 597 1729; x_wconf 87' lang='lat' dir='ltr'><strong>indole</strong></span> <span class='ocrx_word' id='word_1_235' title='bbox 628 1692 670 1727; x_wconf 89' lang='lat' dir='ltr'><strong>et</strong></span> <span class='ocrx_word' id='word_1_236' title='bbox 701 1685 861 1741; x_wconf 88' lang='lat' dir='ltr'><strong>origine</strong></span> <span class='ocrx_word' id='word_1_237' title='bbox 890 1684 1079 1727; x_wconf 87' lang='lat' dir='ltr'><strong>Hannov.</strong></span> <span class='ocrx_word' id='word_1_238' title='bbox 1111 1685 1241 1729; x_wconf 76' lang='lat'>1834.</span> <span class='ocrx_word' id='word_1_239' title='bbox 1269 1701 1314 1742; x_wconf 72' lang='lat' dir='ltr'><strong>p.</strong></span> <span class='ocrx_word' id='word_1_240' title='bbox 1334 1686 1434 1739; x_wconf 30' lang='lat'><strong>116,</strong></span> <span class='ocrx_word' id='word_1_241' title='bbox 1473 1686 1589 1740; x_wconf 88' lang='lat' dir='ltr'><strong>quod</strong></span> <span class='ocrx_word' id='word_1_242' title='bbox 1629 1691 1829 1727; x_wconf 88' lang='lat' dir='ltr'><strong>testantur</strong></span> <span class='ocrx_word' id='word_1_243' title='bbox 1866 1692 2038 1742; x_wconf 85' lang='lat' dir='ltr'><strong>angusta</strong></span> <span class='ocrx_word' id='word_1_244' title='bbox 2089 1684 2255 1728; x_wconf 74' lang='lat' dir='ltr'><strong>hei-edi—</strong></span> 
     </span>
    </p>
   </div>
   <div class='ocr_carea' id='block_1_4' title="bbox 262 1759 2255 2796">
    <p class='ocr_par' dir='ltr' id='par_1_5' title="bbox 262 1759 2255 2041">
     <span class='ocr_line' id='line_1_22' title="bbox 263 1759 2254 1821; baseline 0 -16"><span class='ocrx_word' id='word_1_245' title='bbox 263 1764 358 1807; x_wconf 76' lang='lat' dir='ltr'><strong>tatis</strong></span> <span class='ocrx_word' id='word_1_246' title='bbox 390 1769 433 1805; x_wconf 89' lang='lat' dir='ltr'><strong>et</strong></span> <span class='ocrx_word' id='word_1_247' title='bbox 464 1762 635 1817; x_wconf 87' lang='lat' dir='ltr'><strong>dominii</strong></span> <span class='ocrx_word' id='word_1_248' title='bbox 665 1767 706 1803; x_wconf 90' lang='lat' dir='ltr'><strong>et</strong></span> <span class='ocrx_word' id='word_1_249' title='bbox 737 1761 920 1821; x_wconf 82' lang='lat' dir='ltr'><strong>familiae</strong></span> <span class='ocrx_word' id='word_1_250' title='bbox 951 1759 1004 1819; x_wconf 84' lang='lat' dir='ltr'><strong>(e.</strong></span> <span class='ocrx_word' id='word_1_251' title='bbox 1039 1776 1071 1803; x_wconf 90' lang='lat' dir='ltr'><strong>c.</strong></span> <span class='ocrx_word' id='word_1_252' title='bbox 1103 1763 1229 1817; x_wconf 86' lang='lat' dir='ltr'><strong>patris</strong></span> <span class='ocrx_word' id='word_1_253' title='bbox 1259 1761 1452 1817; x_wconf 83' lang='lat' dir='ltr'><strong>familias)</strong></span> <span class='ocrx_word' id='word_1_254' title='bbox 1483 1762 1589 1814; x_wconf 88' lang='lat' dir='ltr'><strong>iura,</strong></span> <span class='ocrx_word' id='word_1_255' title='bbox 1620 1767 1799 1818; x_wconf 84' lang='lat' dir='ltr'><strong>arguunt</strong></span> <span class='ocrx_word' id='word_1_256' title='bbox 1838 1761 2044 1808; x_wconf 81' lang='lat' dir='ltr'><strong>debitores</strong></span> <span class='ocrx_word' id='word_1_257' title='bbox 2085 1763 2127 1803; x_wconf 92' lang='lat' dir='ltr'><strong>in</strong></span> <span class='ocrx_word' id='word_1_258' title='bbox 2166 1765 2254 1805; x_wconf 63' lang='lat' dir='ltr'><strong>win-</strong></span> 
     </span>
     <span class='ocr_line' id='line_1_23' title="bbox 265 1837 2255 1891; baseline -0.001 -11"><span class='ocrx_word' id='word_1_259' title='bbox 265 1840 357 1880; x_wconf 85' lang='lat' dir='ltr'><strong>cula</strong></span> <span class='ocrx_word' id='word_1_260' title='bbox 386 1840 559 1880; x_wconf 89' lang='lat' dir='ltr'><strong>coniecti</strong></span> <span class='ocrx_word' id='word_1_261' title='bbox 589 1839 802 1890; x_wconf 84' lang='lat' dir='ltr'><strong>multaque</strong></span> <span class='ocrx_word' id='word_1_262' title='bbox 834 1838 936 1889; x_wconf 85' lang='lat' dir='ltr'><strong>alia,</strong></span> <span class='ocrx_word' id='word_1_263' title='bbox 964 1851 1071 1891; x_wconf 88' lang='lat' dir='ltr'><strong>quae</strong></span> <span class='ocrx_word' id='word_1_264' title='bbox 1101 1839 1133 1878; x_wconf 89' lang='lat' dir='ltr'><strong>si</strong></span> <span class='ocrx_word' id='word_1_265' title='bbox 1166 1839 1255 1891; x_wconf 89' lang='lat' dir='ltr'><strong>quis</strong></span> <span class='ocrx_word' id='word_1_266' title='bbox 1294 1839 1543 1888; x_wconf 83' lang='lat' dir='ltr'><strong>consideret,</strong></span> <span class='ocrx_word' id='word_1_267' title='bbox 1575 1851 1625 1877; x_wconf 91' lang='lat' dir='ltr'><strong>ea</strong></span> <span class='ocrx_word' id='word_1_268' title='bbox 1658 1850 1764 1889; x_wconf 90' lang='lat' dir='ltr'><strong>quae</strong></span> <span class='ocrx_word' id='word_1_269' title='bbox 1793 1837 1906 1877; x_wconf 88' lang='lat' dir='ltr'><strong>initio</strong></span> <span class='ocrx_word' id='word_1_270' title='bbox 1938 1844 2068 1878; x_wconf 88' lang='lat' dir='ltr'><strong>essent</strong></span> <span class='ocrx_word' id='word_1_271' title='bbox 2098 1839 2255 1879; x_wconf 78' lang='lat' dir='ltr'><strong>institu-</strong></span> 
     </span>
     <span class='ocr_line' id='line_1_24' title="bbox 262 1912 2255 1968; baseline 0 -12"><span class='ocrx_word' id='word_1_272' title='bbox 262 1922 326 1966; x_wconf 86' lang='lat' dir='ltr'><strong>ta,</strong></span> <span class='ocrx_word' id='word_1_273' title='bbox 358 1938 419 1946; x_wconf 90' lang='lat'>—</span> <span class='ocrx_word' id='word_1_274' title='bbox 446 1914 577 1955; x_wconf 90' lang='lat' dir='ltr'><strong>multa</strong></span> <span class='ocrx_word' id='word_1_275' title='bbox 609 1914 715 1952; x_wconf 90' lang='lat' dir='ltr'><strong>enim</strong></span> <span class='ocrx_word' id='word_1_276' title='bbox 742 1912 889 1952; x_wconf 88' lang='lat' dir='ltr'><strong>omissa</strong></span> <span class='ocrx_word' id='word_1_277' title='bbox 920 1920 1034 1953; x_wconf 89' lang='lat' dir='ltr'><strong>erant</strong></span> <span class='ocrx_word' id='word_1_278' title='bbox 1060 1920 1103 1954; x_wconf 90' lang='lat' dir='ltr'><strong>et</strong></span> <span class='ocrx_word' id='word_1_279' title='bbox 1140 1914 1354 1968; x_wconf 82' lang='lat' dir='ltr'><strong>neglecta,</strong></span> <span class='ocrx_word' id='word_1_280' title='bbox 1394 1926 1501 1965; x_wconf 90' lang='lat' dir='ltr'><strong>quae</strong></span> <span class='ocrx_word' id='word_1_281' title='bbox 1544 1912 1631 1952; x_wconf 89' lang='lat' dir='ltr'><strong>iure</strong></span> <span class='ocrx_word' id='word_1_282' title='bbox 1666 1912 1771 1952; x_wconf 90' lang='lat' dir='ltr'><strong>civili</strong></span> <span class='ocrx_word' id='word_1_283' title='bbox 1819 1918 1862 1952; x_wconf 88' lang='lat' dir='ltr'><strong>et</strong></span> <span class='ocrx_word' id='word_1_284' title='bbox 1897 1914 2073 1953; x_wconf 86' lang='lat' dir='ltr'><strong>naturali</strong></span> <span class='ocrx_word' id='word_1_285' title='bbox 2111 1916 2255 1957; x_wconf 82' lang='lat' dir='ltr'><strong>sensim</strong></span> 
     </span>
     <span class='ocr_line' id='line_1_25' title="bbox 269 1986 1778 2041; baseline -0.003 -9"><span class='ocrx_word' id='word_1_286' title='bbox 269 1994 523 2032; x_wconf 82' lang='lat' dir='ltr'><strong>accesserunt</strong></span> <span class='ocrx_word' id='word_1_287' title='bbox 555 2012 616 2020; x_wconf 94' lang='lat'><strong>-—-</strong></span> <span class='ocrx_word' id='word_1_288' title='bbox 647 2001 787 2028; x_wconf 84' lang='lat' dir='ltr'><strong>severa</strong></span> <span class='ocrx_word' id='word_1_289' title='bbox 817 1986 939 2028; x_wconf 87' lang='lat' dir='ltr'><strong>fuisse</strong></span> <span class='ocrx_word' id='word_1_290' title='bbox 972 1994 1014 2028; x_wconf 86' lang='lat' dir='ltr'><strong>et</strong></span> <span class='ocrx_word' id='word_1_291' title='bbox 1044 2001 1209 2040; x_wconf 86' lang='lat' dir='ltr'><strong>aspera,</strong></span> <span class='ocrx_word' id='word_1_292' title='bbox 1241 1988 1416 2041; x_wconf 74' lang='lat' dir='ltr'><strong>amplius</strong></span> <span class='ocrx_word' id='word_1_293' title='bbox 1446 2002 1528 2028; x_wconf 89' lang='lat' dir='ltr'><strong>non</strong></span> <span class='ocrx_word' id='word_1_294' title='bbox 1560 1987 1778 2029; x_wconf 86' lang='lat' dir='ltr'><strong>dubitabit.</strong></span> 
     </span>
    </p>

    <p class='ocr_par' dir='ltr' id='par_1_6' title="bbox 264 2061 2254 2796">
     <span class='ocr_line' id='line_1_26' title="bbox 385 2061 2254 2120; baseline 0.001 -15"><span class='ocrx_word' id='word_1_295' title='bbox 385 2065 526 2120; x_wconf 85' lang='lat' dir='ltr'><strong>Reges</strong></span> <span class='ocrx_word' id='word_1_296' title='bbox 552 2069 690 2103; x_wconf 87' lang='lat' dir='ltr'><strong>autem</strong></span> <span class='ocrx_word' id='word_1_297' title='bbox 719 2063 780 2102; x_wconf 87' lang='lat' dir='ltr'><strong>ius</strong></span> <span class='ocrx_word' id='word_1_298' title='bbox 813 2062 956 2103; x_wconf 83' lang='lat' dir='ltr'><strong>dixisse</strong></span> <span class='ocrx_word' id='word_1_299' title='bbox 982 2062 1161 2102; x_wconf 84' lang='lat' dir='ltr'><strong>affirmat</strong></span> <span class='ocrx_word' id='word_1_300' title='bbox 1193 2061 1277 2102; x_wconf 86' lang='lat' dir='ltr'><strong>Cic.</strong></span> <span class='ocrx_word' id='word_1_301' title='bbox 1309 2062 1363 2102; x_wconf 91' lang='lat' dir='ltr'><strong>de</strong></span> <span class='ocrx_word' id='word_1_302' title='bbox 1383 2062 1545 2117; x_wconf 82' lang='lat' dir='ltr'><strong>republ.</strong></span> <span class='ocrx_word' id='word_1_303' title='bbox 1578 2062 1629 2114; x_wconf 91' lang='lat' dir='ltr'><strong>V,</strong></span> <span class='ocrx_word' id='word_1_304' title='bbox 1662 2061 1704 2113; x_wconf 82' lang='lat'><strong>2,</strong></span> <span class='ocrx_word' id='word_1_305' title='bbox 1740 2061 1769 2102; x_wconf 82' lang='grc'>3</span> <span class='ocrx_word' id='word_1_306' title='bbox 1791 2061 1887 2104; x_wconf 85' lang='lat' dir='ltr'><strong>Nec</strong></span> <span class='ocrx_word' id='word_1_307' title='bbox 1905 2077 2007 2105; x_wconf 85' lang='lat' dir='ltr'><strong>vero</strong></span> <span class='ocrx_word' id='word_1_308' title='bbox 2028 2065 2254 2120; x_wconf 74' lang='lat' dir='ltr'><strong>quisquam</strong></span> 
     </span>
     <span class='ocr_line' id='line_1_27' title="bbox 264 2136 2254 2196; baseline 0 -14"><span class='ocrx_word' id='word_1_309' title='bbox 264 2140 465 2196; x_wconf 74' lang='lat' dir='ltr'><strong>privatus</strong></span> <span class='ocrx_word' id='word_1_310' title='bbox 496 2143 593 2180; x_wconf 83' lang='lat' dir='ltr'><strong>erat</strong></span> <span class='ocrx_word' id='word_1_311' title='bbox 624 2137 894 2193; x_wconf 77' lang='lat' dir='ltr'><strong>disceptator</strong></span> <span class='ocrx_word' id='word_1_312' title='bbox 925 2142 1001 2179; x_wconf 68' lang='lat' dir='ltr'><strong>aut</strong></span> <span class='ocrx_word' id='word_1_313' title='bbox 1034 2136 1199 2178; x_wconf 76' lang='lat' dir='ltr'><strong>arbiter</strong></span> <span class='ocrx_word' id='word_1_314' title='bbox 1240 2138 1348 2189; x_wconf 81' lang='lat' dir='ltr'><strong>litis,</strong></span> <span class='ocrx_word' id='word_1_315' title='bbox 1393 2137 1474 2178; x_wconf 78' lang='lat' dir='ltr'><strong>sed</strong></span> <span class='ocrx_word' id='word_1_316' title='bbox 1509 2138 1657 2178; x_wconf 77' lang='lat' dir='ltr'><strong>omnia</strong></span> <span class='ocrx_word' id='word_1_317' title='bbox 1697 2137 2036 2195; x_wconf 81' lang='lat' dir='ltr'><strong>conficiebantur</strong></span> <span class='ocrx_word' id='word_1_318' title='bbox 2079 2140 2254 2182; x_wconf 69' lang='lat' dir='ltr'><strong>iudiciis</strong></span> 
     </span>
     <span class='ocr_line' id='line_1_28' title="bbox 264 2213 2254 2274; baseline 0.001 -20"><span class='ocrx_word' id='word_1_319' title='bbox 264 2216 418 2270; x_wconf 75' lang='lat' dir='ltr'><strong>regiis,</strong></span> <span class='ocrx_word' id='word_1_320' title='bbox 460 2228 584 2267; x_wconf 87' lang='lat' dir='ltr'><strong>quem</strong></span> <span class='ocrx_word' id='word_1_321' title='bbox 614 2228 773 2253; x_wconf 89' lang='lat' dir='ltr'><strong>morem</strong></span> <span class='ocrx_word' id='word_1_322' title='bbox 805 2219 1033 2264; x_wconf 89' lang='lat' dir='ltr'><strong>tenuerunt,</strong></span> <span class='ocrx_word' id='word_1_323' title='bbox 1070 2213 1201 2252; x_wconf 90' lang='lat' dir='ltr'><strong>donec</strong></span> <span class='ocrx_word' id='word_1_324' title='bbox 1218 2226 1406 2252; x_wconf 88' lang='lat' dir='ltr'><strong>numerus</strong></span> <span class='ocrx_word' id='word_1_325' title='bbox 1431 2213 1564 2253; x_wconf 89' lang='lat' dir='ltr'><strong>litium</strong></span> <span class='ocrx_word' id='word_1_326' title='bbox 1595 2213 1701 2252; x_wconf 87' lang='lat' dir='ltr'><strong>adeo</strong></span> <span class='ocrx_word' id='word_1_327' title='bbox 1733 2219 1940 2264; x_wconf 90' lang='lat' dir='ltr'><strong>cresceret,</strong></span> <span class='ocrx_word' id='word_1_328' title='bbox 1988 2220 2037 2274; x_wconf 78' lang='lat' dir='ltr'><strong>ut</strong></span> <span class='ocrx_word' id='word_1_329' title='bbox 2063 2215 2140 2269; x_wconf 85' lang='lat' dir='ltr'><strong>ipsi</strong></span> <span class='ocrx_word' id='word_1_330' title='bbox 2170 2229 2254 2256; x_wconf 88' lang='lat' dir='ltr'><strong>non</strong></span> 
     </span>
     <span class='ocr_line' id='line_1_29' title="bbox 265 2287 2251 2344; baseline 0.001 -15"><span class='ocrx_word' id='word_1_331' title='bbox 265 2289 499 2329; x_wconf 83' lang='lat' dir='ltr'><strong>sufficerent</strong></span> <span class='ocrx_word' id='word_1_332' title='bbox 529 2295 570 2328; x_wconf 87' lang='lat' dir='ltr'><strong>et</strong></span> <span class='ocrx_word' id='word_1_333' title='bbox 603 2290 674 2343; x_wconf 92' lang='lat' dir='ltr'><strong>qui</strong></span> <span class='ocrx_word' id='word_1_334' title='bbox 705 2288 789 2328; x_wconf 89' lang='lat' dir='ltr'><strong>hoc</strong></span> <span class='ocrx_word' id='word_1_335' title='bbox 821 2302 987 2328; x_wconf 88' lang='lat' dir='ltr'><strong>munere</strong></span> <span class='ocrx_word' id='word_1_336' title='bbox 1018 2288 1286 2344; x_wconf 87' lang='lat' dir='ltr'><strong>fungerentur</strong></span> <span class='ocrx_word' id='word_1_337' title='bbox 1318 2289 1615 2328; x_wconf 88' lang='lat' dir='ltr'><strong>committerent</strong></span> <span class='ocrx_word' id='word_1_338' title='bbox 1647 2287 1745 2329; x_wconf 88' lang='lat' dir='ltr'><strong>aliis.</strong></span> <span class='ocrx_word' id='word_1_339' title='bbox 1808 2289 1841 2328; x_wconf 91' lang='lat' dir='ltr'><strong>li</strong></span> <span class='ocrx_word' id='word_1_340' title='bbox 1871 2289 1944 2328; x_wconf 74' lang='lat' dir='ltr'><strong>viri</strong></span> <span class='ocrx_word' id='word_1_341' title='bbox 1984 2291 2123 2344; x_wconf 86' lang='lat' dir='ltr'><strong>regiae</strong></span> <span class='ocrx_word' id='word_1_342' title='bbox 2164 2291 2251 2331; x_wconf 84' lang='lat' dir='ltr'><strong>for-</strong></span> 
     </span>
     <span class='ocr_line' id='line_1_30' title="bbox 268 2362 2253 2419; baseline 0.002 -15"><span class='ocrx_word' id='word_1_343' title='bbox 268 2364 404 2404; x_wconf 86' lang='lat' dir='ltr'><strong>mulae</strong></span> <span class='ocrx_word' id='word_1_344' title='bbox 430 2363 611 2405; x_wconf 87' lang='lat' dir='ltr'><strong>adstricti</strong></span> <span class='ocrx_word' id='word_1_345' title='bbox 643 2364 808 2418; x_wconf 83' lang='lat' dir='ltr'><strong>eiusque</strong></span> <span class='ocrx_word' id='word_1_346' title='bbox 841 2363 1019 2405; x_wconf 86' lang='lat' dir='ltr'><strong>terminis</strong></span> <span class='ocrx_word' id='word_1_347' title='bbox 1056 2364 1197 2406; x_wconf 87' lang='lat' dir='ltr'><strong>inclusi</strong></span> <span class='ocrx_word' id='word_1_348' title='bbox 1227 2363 1544 2419; x_wconf 82' lang='lat' dir='ltr'><strong>appellabantur</strong></span> <span class='ocrx_word' id='word_1_349' title='bbox 1573 2362 1762 2416; x_wconf 76' lang='lat' dir='ltr'><strong>iudices,</strong></span> <span class='ocrx_word' id='word_1_350' title='bbox 1810 2364 1924 2419; x_wconf 88' lang='lat' dir='ltr'><strong>quod</strong></span> <span class='ocrx_word' id='word_1_351' title='bbox 1955 2379 2105 2407; x_wconf 87' lang='lat' dir='ltr'><strong>nomen</strong></span> <span class='ocrx_word' id='word_1_352' title='bbox 2134 2366 2253 2409; x_wconf 80' lang='lat' dir='ltr'><strong>fuisse</strong></span> 
     </span>
     <span class='ocr_line' id='line_1_31' title="bbox 267 2439 2252 2496; baseline 0.003 -17"><span class='ocrx_word' id='word_1_353' title='bbox 267 2446 542 2480; x_wconf 86' lang='lat' dir='ltr'><strong>veterrumum</strong></span> <span class='ocrx_word' id='word_1_354' title='bbox 580 2446 623 2478; x_wconf 89' lang='lat' dir='ltr'><strong>et</strong></span> <span class='ocrx_word' id='word_1_355' title='bbox 663 2453 900 2492; x_wconf 88' lang='lat' dir='ltr'><strong>commune,</strong></span> <span class='ocrx_word' id='word_1_356' title='bbox 946 2453 996 2481; x_wconf 80' lang='lat' dir='ltr'><strong>ex</strong></span> <span class='ocrx_word' id='word_1_357' title='bbox 1036 2453 1087 2481; x_wconf 89' lang='lat' dir='ltr'><strong>eo</strong></span> <span class='ocrx_word' id='word_1_358' title='bbox 1119 2440 1348 2496; x_wconf 87' lang='lat' dir='ltr'><strong>colligitur,</strong></span> <span class='ocrx_word' id='word_1_359' title='bbox 1395 2439 1510 2493; x_wconf 85' lang='lat' dir='ltr'><strong>quod</strong></span> <span class='ocrx_word' id='word_1_360' title='bbox 1542 2440 1691 2480; x_wconf 87' lang='lat' dir='ltr'><strong>seriore</strong></span> <span class='ocrx_word' id='word_1_361' title='bbox 1722 2445 1855 2481; x_wconf 89' lang='lat' dir='ltr'><strong>aetate</strong></span> <span class='ocrx_word' id='word_1_362' title='bbox 1892 2454 1973 2482; x_wconf 77' lang='lat' dir='ltr'><strong>vox</strong></span> <span class='ocrx_word' id='word_1_363' title='bbox 2002 2442 2179 2483; x_wconf 86' lang='lat' dir='ltr'><strong>iudicum</strong></span> <span class='ocrx_word' id='word_1_364' title='bbox 2211 2450 2252 2484; x_wconf 89' lang='lat' dir='ltr'><strong>et</strong></span> 
     </span>
     <span class='ocr_line' id='line_1_32' title="bbox 265 2500 2250 2574; baseline 0.002 -19"><span class='ocrx_word' id='word_1_365' title='bbox 265 2515 508 2556; x_wconf 87' lang='lat' dir='ltr'><strong>iudiciorum</strong></span> <span class='ocrx_word' id='word_1_366' title='bbox 542 2515 664 2555; x_wconf 78' lang='lat' dir='ltr'><strong>etiam</strong></span> <span class='ocrx_word' id='word_1_367' title='bbox 696 2531 774 2574; x_wconf 82' lang='lat' dir='ltr'><strong>pro</strong></span> <span class='ocrx_word' id='word_1_368' title='bbox 807 2517 965 2556; x_wconf 89' lang='lat' dir='ltr'><strong>arbitris</strong></span> <span class='ocrx_word' id='word_1_369' title='bbox 988 2522 1029 2556; x_wconf 91' lang='lat' dir='ltr'><strong>et</strong></span> <span class='ocrx_word' id='word_1_370' title='bbox 1064 2500 1232 2557; x_wconf 78' lang='lat' dir='ltr'><strong>arbitrio</strong></span> <span class='ocrx_word' id='word_1_371' title='bbox 1262 2522 1497 2571; x_wconf 84' lang='lat' dir='ltr'><strong>usurpetur,</strong></span> <span class='ocrx_word' id='word_1_372' title='bbox 1535 2530 1743 2569; x_wconf 90' lang='lat' dir='ltr'><strong>nunquam</strong></span> <span class='ocrx_word' id='word_1_373' title='bbox 1773 2530 1872 2557; x_wconf 84' lang='lat' dir='ltr'><strong>vero</strong></span> <span class='ocrx_word' id='word_1_374' title='bbox 1903 2518 1988 2557; x_wconf 74' lang='lat' dir='ltr'><strong>vice</strong></span> <span class='ocrx_word' id='word_1_375' title='bbox 2020 2531 2155 2566; x_wconf 79' lang='lat' dir='ltr'><strong>versa3</strong></span> <span class='ocrx_word' id='word_1_376' title='bbox 2198 2521 2250 2559; x_wconf 81' lang='lat' dir='ltr'><strong>sic</strong></span> 
     </span>
     <span class='ocr_line' id='line_1_33' title="bbox 267 2589 2251 2647; baseline 0.003 -17"><span class='ocrx_word' id='word_1_377' title='bbox 267 2589 512 2646; x_wconf 87' lang='lat' dir='ltr'><strong>saepissume</strong></span> <span class='ocrx_word' id='word_1_378' title='bbox 539 2591 717 2646; x_wconf 82' lang='lat' dir='ltr'><strong>reperies</strong></span> <span class='ocrx_word' id='word_1_379' title='bbox 750 2591 874 2632; x_wconf 84' lang='lat' dir='ltr'><strong>iudex</strong></span> <span class='ocrx_word' id='word_1_380' title='bbox 903 2604 952 2632; x_wconf 86' lang='lat' dir='ltr'><strong>ex</strong></span> <span class='ocrx_word' id='word_1_381' title='bbox 982 2591 1161 2633; x_wconf 86' lang='lat' dir='ltr'><strong>formula</strong></span> <span class='ocrx_word' id='word_1_382' title='bbox 1177 2592 1407 2642; x_wconf 84' lang='lat' dir='ltr'><strong>arbitraria,</strong></span> <span class='ocrx_word' id='word_1_383' title='bbox 1445 2591 1571 2638; x_wconf 82' lang='lat' dir='ltr'><strong>iudex</strong></span> <span class='ocrx_word' id='word_1_384' title='bbox 1589 2591 1723 2632; x_wconf 89' lang='lat' dir='ltr'><strong>bonae</strong></span> <span class='ocrx_word' id='word_1_385' title='bbox 1754 2593 1872 2643; x_wconf 88' lang='lat' dir='ltr'><strong>fidei,</strong></span> <span class='ocrx_word' id='word_1_386' title='bbox 1911 2606 2112 2647; x_wconf 88' lang='lat' dir='ltr'><strong>nusquam</strong></span> <span class='ocrx_word' id='word_1_387' title='bbox 2145 2597 2251 2636; x_wconf 84' lang='lat' dir='ltr'><strong>arbi-</strong></span> 
     </span>
     <span class='ocr_line' id='line_1_34' title="bbox 266 2664 2253 2724; baseline 0.003 -19"><span class='ocrx_word' id='word_1_388' title='bbox 266 2672 330 2705; x_wconf 86' lang='lat' dir='ltr'><strong>ter</strong></span> <span class='ocrx_word' id='word_1_389' title='bbox 361 2664 486 2706; x_wconf 86' lang='lat' dir='ltr'><strong>stricti</strong></span> <span class='ocrx_word' id='word_1_390' title='bbox 514 2667 611 2706; x_wconf 84' lang='lat' dir='ltr'><strong>iuris</strong></span> <span class='ocrx_word' id='word_1_391' title='bbox 639 2673 731 2707; x_wconf 89' lang='lat' dir='ltr'><strong>cett.</strong></span> <span class='ocrx_word' id='word_1_392' title='bbox 792 2667 878 2708; x_wconf 90' lang='lat' dir='ltr'><strong>Sed</strong></span> <span class='ocrx_word' id='word_1_393' title='bbox 910 2681 1002 2707; x_wconf 91' lang='lat' dir='ltr'><strong>cum</strong></span> <span class='ocrx_word' id='word_1_394' title='bbox 1036 2674 1213 2718; x_wconf 86' lang='lat' dir='ltr'><strong>constet,</strong></span> <span class='ocrx_word' id='word_1_395' title='bbox 1256 2675 1302 2708; x_wconf 92' lang='lat' dir='ltr'><strong>ut</strong></span> <span class='ocrx_word' id='word_1_396' title='bbox 1341 2668 1518 2707; x_wconf 89' lang='lat' dir='ltr'><strong>omnium</strong></span> <span class='ocrx_word' id='word_1_397' title='bbox 1550 2681 1685 2707; x_wconf 89' lang='lat' dir='ltr'><strong>rerum</strong></span> <span class='ocrx_word' id='word_1_398' title='bbox 1714 2669 1916 2724; x_wconf 86' lang='lat' dir='ltr'><strong>principia</strong></span> <span class='ocrx_word' id='word_1_399' title='bbox 1955 2670 2011 2709; x_wconf 88' lang='lat' dir='ltr'><strong>sic</strong></span> <span class='ocrx_word' id='word_1_400' title='bbox 2042 2672 2253 2723; x_wconf 74' lang='lat' dir='ltr'><strong>aequitatis</strong></span> 
     </span>
     <span class='ocr_line' id='line_1_35' title="bbox 268 2741 2252 2796; baseline 0.004 -16"><span class='ocrx_word' id='word_1_401' title='bbox 268 2741 409 2795; x_wconf 83' lang='lat' dir='ltr'><strong>legem</strong></span> <span class='ocrx_word' id='word_1_402' title='bbox 453 2748 649 2796; x_wconf 81' lang='lat' dir='ltr'><strong>tanquam</strong></span> <span class='ocrx_word' id='word_1_403' title='bbox 691 2757 889 2785; x_wconf 85' lang='lat' dir='ltr'><strong>summam</strong></span> <span class='ocrx_word' id='word_1_404' title='bbox 930 2743 1127 2784; x_wconf 89' lang='lat' dir='ltr'><strong>rationem</strong></span> <span class='ocrx_word' id='word_1_405' title='bbox 1169 2744 1211 2784; x_wconf 82' lang='lat' dir='ltr'><strong>in</strong></span> <span class='ocrx_word' id='word_1_406' title='bbox 1249 2742 1460 2785; x_wconf 84' lang='lat' dir='ltr'><strong>hominum</strong></span> <span class='ocrx_word' id='word_1_407' title='bbox 1504 2744 1639 2784; x_wconf 82' lang='lat' dir='ltr'><strong>animo</strong></span> <span class='ocrx_word' id='word_1_408' title='bbox 1672 2751 1713 2785; x_wconf 90' lang='lat' dir='ltr'><strong>et</strong></span> <span class='ocrx_word' id='word_1_409' title='bbox 1741 2752 1875 2786; x_wconf 90' lang='lat' dir='ltr'><strong>mente</strong></span> <span class='ocrx_word' id='word_1_410' title='bbox 1907 2760 1930 2785; x_wconf 86' lang='lat' dir='ltr'><strong>a</strong></span> <span class='ocrx_word' id='word_1_411' title='bbox 1959 2752 2102 2786; x_wconf 87' lang='lat' dir='ltr'><strong>natura</strong></span> <span class='ocrx_word' id='word_1_412' title='bbox 2134 2747 2252 2788; x_wconf 77' lang='lat' dir='ltr'><strong>sitam</strong></span> 
     </span>
    </p>
   </div>
  </div>
 </body>
</html>
