2519 3077
1362 91 1390 110 ..ἦ
1405 77 1429 91 ‘¹'

1345 117 1376 129 ἰ

241 225 485 293 19·er
515 240 709 277 actorem
729 230 976 287 oporteat&
995 232 1048 273 eo
1077 223 1358 286 cohqfi'odto
1383 232 1442 270 -ἰι
1474 232 1690 285 reliquum
1729 232 1792 282 is,
1841 246 1950 274 «που
1990 249 2088 290 φιο-
2108 242 2254 279 actum

249 316 352 367 'ed-,⁴
350 302 530 354 debeat
552 303 882 355 οοτίἆέωυὰὺ
906 305 1015 351 lust.
1037 303 1248 359 ΜΝ,
1281 305 1352 348 30.
1385 306 1436 348 cf.
1459 305 1559 348 Gai.
1590 307 1672 358 IV,
1703 307 1774 350 61.
1844 309 1896 350 ld
1945 308 2254 356 difficillumum

248 375 374 434 mise
402 385 549 444 colligi
579 389 723 443 potest
760 396 811 427 a
837 383 950 427 Cic.
962 384 1031 429 de
1029 380 1117 430 Δ.
1138 382 1432 436 111‚1·5‚7o
1464 383 1509 425 in
1541 381 1610 425 his
1640 385 1800 440 magni
1831 399 1926 428 esee
1957 385 2115 429 iudicis
2142 389 2186 442 (i.
2218 406 2252 432 e.

250 463 416 508 undonis
429 457 710 521 prudentiae)
756 460 963 503 suum
972 471 1051 498 ³⁶·—
1081 458 1351 516 praesertim
1392 471 1521 516 quum
1563 458 1608 499 in
1647 459 1875 516 plerisque
1907 466 2046 504 essent
2087 461 2254 506 iudicia
2339 445 2342 447 ¹

246 533 476 583 „mm-arsa
504 544 568 568 :a-
594 533 728 593 ‹jutit-
737 534 951 594 quemque
975 534 1130 592 cuique
1149 539 1389 591 praestare
1427 539 1654 590 oporteret,
1697 535 1747 575 cf.
1788 535 1921 576 Beier.
1964 538 2020 579 ad
2064 537 2104 578 h.
2145 538 2174 579 l.
2210 552 2252 594 p.

248 614 360 655 81⁸
368 621 464 667 sqq.
522 611 652 654 Gonni
681 612 724 652 1.
738 613 766 651 1.
794 624 840 668 p.
851 610 965 650 100
994 625 1085 664 sqq.
1142 611 1195 651 ln
1224 610 1449 650 actionibus
1478 616 1618 650 autem
1650 611 1857 650 contrariis
1890 612 1997 651 duae
2024 613 2115 654 lites
2147 626 2248 653 conv

234 690 413 740 Μαί
432 687 475 729 ἰιι
496 683 654 739 Ἥκω,
669 686 779 728 *edm
805 691 982 740 uterque
1012 686 1067 727 de
1098 700 1179 726 una
1208 685 1439 739 eademque
1478 698 1523 725 re
1563 685 1817 748 postulent,
1841 700 1917 726 nec
1944 686 2103 728 ·multis
2148 702 2253 744 opus

246 761 313 807 ent
342 763 552 811 verbis-'ut
566 757 809 818 -cxffiftiatur
845 761 1060 816 quomodo
1096 761 1141 802 id
1180 761 1271 801 fieri
1312 761 1463 814 possit,
1502 760 1764 815 respiciamus
1803 762 1932 813 ruodo
1976 762 2032 803 ad
2074 763 2253 806 actiones

252 840 351 882 emti
380 833 784 888 'vendupconducti
817 837 964 887 locati,
995 838 1036 877 in
1066 837 1256 877 omnibus
1286 836 1394 877 enim
1426 842 1600 889 utraque
1629 849 1724 888 pars
1755 837 1990 891 obligatur,
2037 852 2143 891 quae
2175 839 2254 879 du÷

249 916 349 971 plex
378 927 408 955 s.
425 910 583 956 maa
613 912 819 968 obligatio
846 912 1000 968 agendi
1032 917 1073 955 et
1104 910 1353 966 postulandi.
1370 911 1535 966 copiam
1567 910 1690 952 affert
1734 911 1918 965 utrique,
1981 912 2039 952 ita
2078 919 2125 953 ut
2165 927 2253 954 sae-

256 1005 317 1046 pe
345 997 446 1033 uter
466 981 570 1030 'esset
604 994 719 1029 actor
751 995 792 1029 et
821 1002 912 1029 reus
944 1001 1028 1029 non
1052 986 1235 1044 potuerit
1268 986 1448 1027 discerni.
1510 986 1735 1041 Pietasque
1773 1000 1872 1027 vero
1918 988 1958 1028 b.
2002 986 2031 1028 f.
2071 989 2252 1030 actiones

217 1068 338 1108 flesse
378 1065 599 1106 contrarias
615 1094 626 1115 ,
659 1065 861 1120 probatur
883 1066 942 1104 'ex
970 1063 1105 1104 indice
1136 1061 1391 1118 singularum
1407 1062 1446 1102 b.
1466 1062 1495 1103 f.
1519 1062 1727 1103 actionum
1741 1077 1778 1103 n.
1810 1064 1838 1103 l.
1869 1068 1910 1103 et
1943 1063 2033 1105 Gai.
2065 1062 2135 1115 IV,
2168 1063 2250 1105 16:

376 1141 415 1181 1.
431 1140 644 1197 fiduciae
674 1141 842 1194 quidem
872 1140 1068 1180 iudicium
1099 1153 1182 1179 non
1214 1144 1274 1178 est
1305 1144 1512 1189 mutuum,
1544 1138 1619 1178 sed
1648 1144 1823 1193 propter
1868 1140 2123 1179 sanctitatem
2154 1139 2251 1179 fidei

251 1216 314 1258 his
348 1223 436 1257 erat
468 1216 744 1269 adscriptum,
771 1216 1057 1270 formulaeque
1087 1214 1192 1255 haec
1222 1215 1348 1255 verba
1380 1220 1494 1253 erant
1537 1213 1682 1253 addita
1722 1214 1785 1253 uti
1825 1214 1938 1253 inter
1979 1213 2111 1254 bonos
2149 1214 2253 1255 bene

253 1293 388 1349 agier
412 1296 592 1348 oportet.
654 1292 783 1332 Actor
813 1297 952 1331 autem
984 1290 1162 1331 clamare
1201 1289 1363 1331 solebat
1392 1289 1595 1345 quoniam
1621 1293 1810 1345 propter
1840 1293 1881 1330 te
1898 1288 2102 1346 fidemve
2133 1295 2253 1331 tuam

253 1372 412 1424 captus
433 1365 774 1424 fraudatusque
805 1367 925 1407 siem.
991 1365 1075 1407 Cic.
1110 1365 1164 1407 de
1196 1364 1268 1406 off.
1301 1365 1328 1406 l.
1361 1365 1386 1405 l.
1413 1377 1492 1419 pro
1518 1365 1638 1406 Rosc.
1672 1363 1790 1406 Com.
1821 1364 1872 1416 6,
1905 1364 1975 1407 16.
2040 1366 2151 1419 Top.
2183 1365 2253 1417 10,

253 1443 324 1483 42.
388 1442 542 1482 Boeth.
573 1442 654 1492 IV,
688 1455 727 1494 p.
760 1442 852 1481 340
884 1442 948 1481 ed.
982 1441 1113 1482 Orell.
1146 1441 1202 1481 ad
1235 1441 1315 1481 div.
1348 1440 1447 1490 Vll,
1482 1440 1550 1479 12.

419 1548 431 1568 ,
463 1517 571 1558 actio
603 1517 705 1557 emti
736 1517 923 1568 venditi,
956 1516 1072 1571 quod
1100 1516 1313 1557 arbitrium
1351 1522 1466 1556 recte
1499 1516 1733 1569 appellatur
1764 1516 1853 1557 Val.
1895 1517 2008 1558 Max.
2058 1519 2179 1570 Vlll,
2213 1520 2252 1559 2.

456 1592 590 1633 locati
623 1591 834 1632 conducti.

415 1700 426 1716 ,
459 1668 527 1708 rei
558 1666 761 1717 uxoriae,
794 1665 910 1720 quod
936 1672 1105 1707 vocatur
1135 1667 1347 1708 arbitrium
1379 1666 1463 1708 Cic.
1507 1666 1618 1722 Top.
1652 1666 1730 1719 17,
1761 1667 1833 1709 66.

418 1776 430 1795 ,
459 1758 543 1801 pro
575 1743 712 1792 socio,
745 1742 795 1782 cf.
830 1741 912 1783 Cic.
945 1754 1024 1796 pro
1051 1743 1170 1790 Bosc.
1205 1742 1323 1784 Com.
1355 1742 1395 1783 4.
1436 1742 1478 1783 6.
1516 1742 1555 1783 9.
1597 1757 1637 1797 p.
1684 1743 1823 1794 Quint.
1866 1744 1917 1796 3,
1964 1746 2110 1799 quibus
2152 1747 2251 1787 locis

466 1824 639 1861 vocatur
670 1817 891 1858 arbitrium.
922 1830 964 1870 p.
995 1818 1115 1858 Rosc.
1144 1818 1237 1859 Am.
1268 1818 1339 1861 40.

460 1894 642 1944 tutelae,
674 1892 724 1932 cf.
758 1891 842 1932 Cic.
875 1904 917 1946 p.
948 1892 1068 1932 Rosc.
1101 1891 1148 1933 C.
1181 1891 1221 1934 6.

458 1968 683 2019 mandati,
713 1967 765 2008 cf.
798 1966 883 2008 Cic.
914 1980 956 2022 p
988 1968 1107 2010 Rosc.
1141 1968 1232 2010 Am.
1266 1966 1337 2010 38.
1370 1968 1457 2021 39,
1491 1969 1561 2011 ubi
1592 1970 1803 2043 arbitrium
1836 1971 2081 2026 appellatur.

460 2044 735 2101 negotiorum
765 2056 845 2099 ges
829 2048 998 2083 torum.

373 2121 414 2163 9.
447 2120 652 2161 actionem
684 2118 1030 2174 pignoratitiam
1082 2125 1124 2160 et
1181 2118 1250 2162 10.
1295 2120 1482 2176 depositi
1512 2121 1664 2163 omittit
1704 2120 1787 2162 Cic.
1819 2122 1844 2162 l.
1885 2122 1915 2165 l.
1956 2122 2074 2172 addit
2114 2132 2250 2167 autem

449 2194 588 2238 Gaius.

371 2270 575 2312 Familiae
610 2267 870 2309 erciscundae
901 2273 943 2309 et
975 2268 1182 2310 communi
1210 2268 1438 2312 dividundo
1466 2272 1645 2314 actiones
1671 2273 1820 2316 seriore
1862 2273 2030 2314 demum
2062 2280 2249 2329 tempore

249 2352 384 2390 bonae
413 2346 514 2387 fidei
548 2359 634 2385 esse
676 2343 826 2394 factas,
869 2344 1049 2399 vulgaris
1088 2351 1176 2384 erat
1214 2344 1378 2398 opinio,
1425 2347 1557 2389 donec
1594 2348 1864 2390 Zimmernius
1905 2347 2146 2403 (Civilproz.
2206 2365 2247 2405 p,

250 2420 359 2479 187)
393 2435 459 2464 eas
493 2421 617 2473 priori
642 2419 766 2461 aetati
796 2419 1022 2461 vindicaret
1050 2425 1093 2461 et
1124 2416 1242 2461 recte*
1265 2421 1455 2475 quidem,
1485 2423 1536 2465 cf.
1571 2423 1655 2465 Cic.
1689 2425 1745 2466 ad
1778 2424 1858 2465 div.
1891 2424 1993 2476 Vn,
2028 2425 2096 2466 12.
2138 2427 2246 2468 Num

248 2513 346 2543 vero
379 2495 536 2540 damni
576 2494 727 2552 insecti
757 2495 892 2549 aetio,
926 2509 1031 2551 quae
1062 2496 1160 2553 lege
1190 2496 1346 2539 Rubria
1376 2497 1598 2543 illustratur
1631 2499 1679 2554 l,
1712 2499 1781 2543 27.
1813 2499 1883 2543 36.
1915 2499 2052 2543 Haub.
2084 2513 2124 2555 p.
2147 2502 2245 2545 147.

251 2575 342 2618 148
371 2580 483 2614 recte
513 2578 748 2612 numeretur
778 2572 820 2612 in
850 2572 889 2612 b.
921 2572 950 2612 f.
980 2572 1137 2614 iudiciis
1152 2602 1164 2624 ,
1197 2573 1338 2626 quaeri
1355 2579 1515 2628 potest,
1545 2582 1675 2632 negat
1704 2576 1755 2618 E.
1783 2574 2017 2618 Huschkius
2041 2577 2084 2618 in
2101 2590 2247 2619 comm.

251 2653 305 2693 de
337 2649 543 2692 actionum
572 2646 781 2700 formulis,
815 2661 922 2702 quae
951 2648 993 2689 in
1025 2649 1122 2705 lege
1152 2648 1310 2690 Rubria
1353 2655 1518 2693 exstant.
1580 2651 1793 2694 Vratislav.
1827 2649 1947 2693 1832
1978 2664 2022 2706 p.
2055 2652 2116 2694 27
2146 2668 2247 2709 sqq.‚

252 2740 344 2770 cum
370 2722 641 2779 stipulationis
672 2729 902 2765 contractus
933 2737 1144 2780 nunquam
1173 2723 1296 2768 fuerit
1323 2724 1457 2769 bonae
1485 2726 1612 2781 fidei,
1645 2726 1834 2771 concedit
1866 2731 2003 2770 autem
2028 2734 2250 2782 propterea

371 1518 425 1787 why„

372 1896 427 2097 „005'5'
