2519 3077
1099 136 1162 145 ...
1251 110 1283 154 5
1373 136 1435 146 .-

390 230 420 271 1.
467 228 540 270 De
570 226 879 269 actionibus
909 224 1098 265 stricti
1127 225 1257 264 iuris
1296 229 1350 264 et
1379 205 1552 265 bonae
1583 225 1723 266 fidei
1755 230 1806 265 et
1836 226 2155 269 arbitrariis.

961 298 1047 342 Cic.
1078 298 1133 341 de
1173 299 1245 341 off.
1275 299 1358 352 111,
1392 299 1473 351 17,
1505 299 1577 341 70.

396 393 451 452 ᾳ
486 392 663 450 quidem
704 389 926 433 Scaevola
967 387 1182 445 Pontifex
1213 402 1450 431 maxumus
1484 402 1703 430 summam
1741 392 1829 433 vim
1870 393 2046 435 dicebat
2088 409 2183 436 esse
2220 398 2265 438 in

271 468 469 513 omnibus
499 466 555 508 iis
586 464 803 519 arbitriis,
844 465 890 507 in
920 463 1074 522 quibus
1120 463 1364 506 adderetur
1435 477 1501 506 Ex
1540 478 1659 505 rum
1691 476 1845 508 ’ΒοΝΑτ
1874 468 2083 526 fideique
2122 472 2263 514 bonae

270 557 426 588 nomen
448 540 733 584 existumabat
763 552 952 582 manare
983 538 1211 581 latissume
1242 539 1373 595 idque
1397 540 1569 581 versari
1600 540 1645 581 in
1676 542 1843 593 tutelis,
1875 544 2174 598 societatibus,
2191 548 2264 605 fi-

270 619 436 670 duciis,
466 617 717 668 mandatis,
747 614 879 657 rebus
904 614 1061 672 emptis
1090 614 1300 666 venditis,
1332 615 1576 666 conductis,
1603 616 1781 667 locatis,
1813 616 1968 673 quibus
1997 621 2113 661 vitae
2152 624 2265 664 soci-

270 699 368 737 etas
399 681 712 735 contineretur.-
743 691 789 732 in
820 690 890 732 his
915 690 1074 748 magui
1100 702 1196 732 esse
1226 688 1406 742 iudicis,
1435 693 1626 733 statuere
1657 691 1946 748 (praesertim
1967 708 2066 736 cum
2096 696 2141 737 in
2164 699 2264 754 ple-

271 769 421 826 risque
452 772 594 809 essent
624 767 792 808 iudicia
822 766 1095 821 contraria),
1126 765 1234 822 quid
1258 778 1466 822 quemque
1496 765 1649 821 cuique
1671 772 1911 822 praestare
1946 776 2174 827 oporteret.

392 844 503 885 Inter
533 843 740 883 actionum
771 842 985 889 divisiones
1014 841 1129 882 nulla
1159 847 1220 882 est
1244 835 1410 897 gravior
1439 846 1511 881 aut
1548 841 1776 895 difficilior,
1827 859 1953 898 quam
1980 860 2088 900 quae
2118 863 2143 888 a
2172 851 2267 892 stri-

271 924 341 961 cto
371 918 471 970 iure,
502 919 613 959 bona
643 918 743 970 fide,
775 917 942 958 arbitrio
972 929 1122 958 nomen
1152 916 1325 973 accepit,
1357 916 1475 971 quod
1507 915 1725 958 discrimen
1755 926 1909 973 quanto
1942 935 2072 977 opere
2083 923 2162 965 VV
2178 925 2265 966 DD

273 995 479 1037 vexaverit
505 994 571 1035 vix
602 994 684 1034 dici
714 999 876 1049 potest,
907 993 966 1033 ita
995 999 1042 1033 ut
1073 1006 1216 1033 eorum
1246 993 1470 1033 sententiae
1498 1006 1552 1033 ne
1578 1006 1734 1048 magno
1763 996 1931 1049 quidem
1969 998 2079 1039 libro
2122 1006 2269 1041 consu.

277 1070 335 1112 mi
366 1082 492 1127 posse
522 1068 749 1109 videantur.
812 1067 1019 1109 Ciceronis
1037 1072 1173 1109 autem
1205 1067 1319 1109 locus
1349 1081 1444 1109 cum
1473 1067 1520 1109 iis
1556 1082 1664 1123 quae
1681 1070 1936 1124 praecedunt
1965 1074 2099 1114 verbis
2130 1075 2228 1115 inde
2247 1091 2272 1116 a

273 1157 364 1201 cap.
397 1142 456 1185 15
482 1157 671 1185 maxume
714 1143 870 1184 faciunt
896 1143 952 1184 ad
981 1156 1069 1184 rem
1100 1143 1407 1194 illustrandam,
1458 1157 1593 1196 neque
1633 1145 1727 1185 satis
1766 1159 1862 1187 meo
1902 1148 2071 1200 quidem
2118 1150 2270 1191 iudicio

274 1220 328 1262 ab
359 1218 453 1262 lctis
485 1223 546 1260 est
577 1219 620 1260 in
645 1218 838 1260 auxilium
868 1223 1056 1270 vocatus,
1096 1230 1225 1273 quare
1265 1231 1316 1259 eo
1364 1217 1636 1274 potissumum
1676 1218 1804 1262 fultus
1835 1227 1877 1262 et
1917 1224 2092 1263 munitus
2133 1239 2269 1265 meam

274 1295 604 1349 qualemcunque
636 1293 690 1333 de
722 1293 881 1350 origine
913 1298 954 1333 et
983 1293 1143 1333 ratione
1187 1292 1334 1333 harum
1369 1293 1575 1333 actionum
1614 1307 1850 1350 proponam
1889 1297 2153 1350 sententiam,
2198 1300 2270 1340 ubi

273 1371 317 1410 in
359 1370 590 1410 universum
630 1368 685 1409 de
721 1383 861 1409 earum
905 1368 1135 1409 discrimine
1182 1374 1225 1407 et
1276 1381 1351 1408 usu
1400 1367 1676 1422 disputavero.
1708 1368 1753 1426 *)
1824 1371 2007 1411 Primum
2045 1374 2172 1430 igitur
2214 1381 2274 1415 est

273 1444 577 1499 quaerendum,
611 1445 751 1497 quales
782 1451 822 1484 et
856 1458 963 1497 quae
1001 1443 1180 1483 actiones
1230 1444 1309 1483 sint
1346 1443 1473 1482 stricti
1512 1444 1627 1493 iuris,
1652 1445 1785 1497 -quod
1826 1446 2038 1486 intellectu
2083 1462 2167 1489 non
2211 1456 2273 1489 est

274 1519 470 1571 difficile,
503 1534 596 1560 cum
629 1520 791 1560 Tullius
833 1526 976 1560 noster
1017 1519 1113 1558 satis
1151 1518 1368 1573 perspicue
1406 1518 1638 1559 stricturum
1679 1526 1721 1558 et
1762 1520 1986 1562 liberorum
2027 1524 2271 1565 iudiciorum

276 1594 377 1653 (sive
407 1595 651 1637 iudiciorum
683 1600 725 1636 et
755 1590 1033 1649 arbitriorum)
1065 1598 1246 1649 exponat
1277 1592 1492 1634 discrimen
1521 1608 1564 1648 p.
1595 1594 1716 1634 Rosc.
1749 1594 1868 1636 Com.
1901 1596 1954 1648 4,
1989 1597 2057 1638 10.
2091 1599 2161 1638 ll.
2197 1598 2269 1654 (cf.

273 1672 502 1727 interprett.
534 1670 650 1725 apud
681 1669 878 1709 Garaton.
940 1668 1021 1708 Ed.
1051 1668 1227 1725 Neapol.
1260 1667 1380 1709 1777
1410 1681 1454 1725 p.
1484 1666 1585 1710 267.
1619 1667 1740 1726 370.)
1811 1671 1954 1713 Aliud
1994 1677 2059 1713 est
2099 1672 2272 1716 Iudici-

271 1761 372 1797 um,
403 1746 531 1787 aliud
560 1744 797 1785 arbitrium.
860 1744 1082 1785 Iudicium
1113 1748 1179 1784 est
1202 1744 1422 1799 pecuniae
1450 1748 1623 1795 certae,
1654 1744 1887 1785 arbitrium
1918 1747 2122 1789 incertae.
2194 1749 2273 1791 Ad

275 1822 464 1864 iudicem
496 1822 577 1863 hoc
608 1821 738 1861 modo
768 1820 983 1870 venimus,
1045 1823 1253 1859 attotam
1298 1819 1417 1859 litem
1459 1823 1536 1859 aut
1582 1818 1853 1860 obtineamus
1891 1828 1968 1860 aut
2010 1825 2273 1865 amittamus.

276 1897 391 1938 Eius
418 1896 486 1937 rei
518 1896 619 1949 ipsa
649 1894 785 1935 verba
802 1893 1040 1948 formulae
1071 1893 1312 1934 testimonio
1342 1897 1451 1932 sunt.
1519 1892 1641 1948 Quid
1675 1900 1740 1934 est
1778 1896 1822 1934 in
1864 1895 2063 1937 iudicio?
2140 1899 2274 1939 Dire-

279 1975 416 2022 ctum‚
449 1982 671 2026 asperum,
702 1968 906 2030 simplex,
931 1979 979 2010 sr
1008 1979 1161 2009 mam·
1191 1979 1252 2008 us
1281 1978 1383 2008 mon
1411 1964 1851 2027 nAnr[01³onmnn.]
1914 1970 2026 2024 Hic,
2052 1974 2139 2015 nisi
2167 1977 2274 2030 pla-

242 2038 257 2053 ’
276 2060 380 2088 num
399 2043 553 2103 facit,
585 2058 645 2086 ns
675 2056 776 2085 moa
807 2044 872 2085 ad
903 2042 1101 2084 libellam
1132 2041 1216 2084 sibi
1248 2041 1425 2094 deberi,
1470 2057 1677 2085 caussam
1712 2046 1877 2102 perdit.
1954 2046 2075 2106 Quid
2115 2055 2182 2091 est
2229 2052 2275 2092 in

280 2117 499 2164 arbitrio?
560 2119 693 2173 Mite,
720 2119 1016 2169 moderatum,
1049 2130 1276 2173 qumi-tm
1306 2131 1511 2173 Aequus-s·
1542 2132 1742 2173 nunus,
1783 2134 1839 2164 ιι)
1880 2135 2007 2164 mm.
2078 2122 2168 2165 Ille
2203 2131 2275 2167 ta-

279 2213 378 2239 men
410 2195 640 2253 confitetur
663 2197 772 2252 plus
798 2209 847 2237 se
872 2200 1025 2251 petere
1056 2208 1188 2250 quam
1215 2193 1450 2247 debeatur,
1482 2196 1564 2237 sed
1595 2197 1705 2237 satis
1729 2211 1946 2255 superque
1990 2198 2156 2241 habere
2205 2201 2275 2242 di-

282 2274 361 2325 cit,
393 2272 509 2330 quod
543 2271 627 2313 sibi
658 2271 717 2313 ab
748 2271 916 2313 arbitro
946 2269 1174 2312 tribuatur.
1235 2268 1393 2325 Itaque
1422 2271 1539 2311 alter
1569 2285 1758 2314 caussae
1789 2273 1992 2331 corfidit,
2031 2276 2150 2315 alter
2180 2276 2274 2331 dff-

268 2348 395 2407 fidit.
459 2348 615 2388 Seneca
646 2346 700 2388 de
730 2346 865 2389 benef.
897 2346 977 2399 111,
1008 2344 1050 2387 7.
1092 2344 1192 2387 ideo
1215 2344 1371 2387 melius
1395 2344 1571 2388 videtur
1601 2347 1792 2391 conditio
1823 2362 2013 2392 caussae
2044 2349 2185 2393 bonae
2201 2350 2274 2409 fi-

345 2510 375 2547 ·)
396 2510 486 2539 Inter
508 2513 653 2538 recentes
675 2514 820 2547 optumus
840 2511 889 2537 est
911 2507 975 2536 dux
996 2508 1036 2537 G.
1055 2507 1263 2537 Zimmemius
1282 2505 1330 2545 (in
1352 2505 1421 2536 hist.
1441 2506 1500 2539 iur.
1521 2506 1613 2539 Rom.
1636 2507 1692 2539 111.
1714 2518 1740 2539 s.
1759 2509 1966 2549 Civilprozess
1986 2518 2015 2549 p.
2039 2511 2103 2540 172
2119 2510 2206 2550 sqq.)
2229 2510 2275 2541 τίι·

391 2565 459 2598 fere
481 2565 622 2604 divinus,
647 2564 707 2598 heu
729 2565 893 2599 immatura
912 2568 1014 2597 morte
1036 2563 1150 2598 litteris
1171 2567 1205 2597 et
1226 2563 1315 2605 operi
1336 2574 1394 2597 suo
1411 2569 1557 2605 ereptus,
1592 2566 1678 2606 quod
1707 2566 1885 2599 inchoatum
1911 2568 2007 2598 modo
2031 2578 2091 2599 nec
2111 2569 2150 2599 ad
2179 2570 2273 2600 finem

393 2632 462 2655 esse
484 2624 670 2662 perductum
692 2624 803 2664 lugere
828 2633 889 2654 non
909 2623 1088 2655 desinimus.
1131 2621 1245 2662 Neque
1267 2621 1427 2654 omittendi
1451 2626 1523 2654 sunt
1546 2623 1588 2656 H.
1611 2624 1646 2656 C.
1665 2624 1835 2662 Steverus,
1858 2624 1899 2655 de
1918 2626 2088 2656 summario
2110 2624 2274 2656 Romano-

390 2690 460 2713 tum
481 2680 604 2712 iudicio.
648 2681 735 2720 Lips.
759 2683 853 2712 1822.
898 2680 935 2711 E.
960 2680 1060 2710 Gnnsi
1082 2679 1195 2711 Roem.
1215 2679 1354 2718 Obligat.
1377 2679 1488 2711 Recht.
1519 2680 1667 2712 Heidelb.
1712 2684 1806 2712 1819.
1850 2681 1887 2712 F.
1920 2683 1960 2712 G.
1994 2683 2034 2713 de
2065 2681 2276 2720 'rigenti-omi

393 2746 503 2770 comm.
524 2736 563 2769 de
583 2736 737 2769 iudicibus
757 2736 850 2770 Rom.
892 2737 999 2771 Berol.
1022 2737 1114 2769 1826.
1134 2746 1166 2777 p.
1187 2736 1231 2769 94
1252 2753 1294 2760 —
1321 2737 1392 2769 141.
