2519 3077
1084 57 1448 110 -25-

336 202 340 206 -
380 178 443 239 2)
471 181 630 225 Affines
656 181 1032 222 commemorantur
1062 191 1087 219 a
1113 177 1352 232 serioribus,
1385 173 1488 232 quos
1517 178 1560 219 in
1590 177 1688 235 lege
1720 177 1862 223 Cincia
1905 187 2098 236 exceptos
2135 184 2259 229 fuisse

262 247 367 301 mihi
395 257 642 313 persuadere
674 245 758 298 non
788 268 976 311 possum,
1008 267 1103 297 cum
1132 254 1338 308 prioribus
1378 254 1635 310 temporibus
1674 269 1743 299 eos
1783 257 1908 312 plane
1946 258 2069 301 fuisse
2111 263 2259 318 negle-

255 339 341 376 ctos
366 334 483 389 apud
513 346 654 381 omnes
681 337 858 384 constet,
890 331 949 385 *).

373 410 432 463 3)
464 410 602 450 Tutor
633 408 788 449 donare
817 412 956 461 potest
980 407 1166 462 pupillo,
1196 408 1367 449 libertus
1396 412 1597 462 patrono,
1630 412 1772 449 contra
1802 414 1940 451 autem
1970 411 2152 465 pupillus
2188 416 2256 454 tu-

251 485 353 537 tori,
384 489 582 539 patronus
614 484 763 523 liberto
793 497 878 523 non
906 484 1006 524 item
1036 484 1119 537 **).

375 560 427 613 4)
459 561 639 615 Ptopter
679 561 878 601 beneficia
909 566 1079 615 accepta
1116 561 1359 602 donationes
1388 574 1551 615 semper
1580 560 1703 602 fuisse
1746 574 1954 601 concessas
1987 563 2158 618 quisque
2189 565 2256 606 fa-

252 637 331 678 cile
361 636 582 687 concedet,
627 636 698 690 qui
730 635 1068 689 consideraverit,
1119 638 1262 692 quanti
1293 636 1605 678 aestumaverint
1634 637 1811 679 Romani
1840 637 2098 679 voluntatem
2124 641 2254 683 bene-

251 713 352 755 ficiis
383 712 547 754 alterius
579 712 857 768 respondendi
887 719 928 754 et
958 714 1075 769 pium
1104 713 1147 754 in
1172 707 1466 755 beneficiorum
1487 713 1684 754 memoria
1705 714 1906 765 animum,
1948 728 2075 769 quem
2102 717 2253 772 appel-

250 789 313 830 lat
353 788 499 829 Cicero
538 801 618 843 pro
661 788 801 829 Plane.
828 788 910 840 133,
961 803 1043 830 non
1073 790 1207 830 solum
1237 802 1491 840 maxumam,
1542 788 1617 829 sed
1649 789 1770 829 etiam
1801 795 1973 830 matrem
2003 791 2254 846 reliquarum

251 865 459 905 virtutum.
498 856 573 903 ef.
606 863 690 904 Cic.
723 863 777 904 de
808 864 880 905 off.
908 865 958 916 11,
992 863 1063 905 18.
1124 865 1240 905 Paul.
1273 870 1373 916 sent,
1405 864 1455 905 V.
1487 864 1559 915 11,
1592 864 1622 904 6
1644 865 1684 904 ei
1705 865 1778 920 qui
1807 865 1997 921 aliquem
2017 880 2047 907 a
2079 867 2253 908 latrun—

251 939 365 979 culis
390 939 461 980 vel
491 938 685 978 hostibus
717 939 904 995 eripuit,
947 940 992 979 in
1019 939 1236 997 infinitum
1268 940 1381 980 dare
1405 953 1490 979 non
1515 939 1812 996 prohibemur,
1859 941 1899 980 si
1932 947 2080 982 tamen
2109 943 2253 985 dona-

252 1014 315 1057 tio
342 1019 384 1056 et
414 1028 500 1056 non
532 1029 701 1056 merces
735 1015 886 1056 eximii
912 1015 1078 1058 laboris
1108 1016 1390 1072 appellanda
1420 1020 1508 1057 est:
1559 1016 1663 1071 quia
1689 1017 2095 1072 contemplationem
2126 1019 2252 1060 salu—

249 1089 307 1131 tis
339 1094 457 1132 cerlo
486 1090 617 1132 modo
650 1091 892 1132 aestumare·
929 1105 1014 1133 non
1048 1093 1233 1149 placuit.
1297 1092 1376 1133 Cui
1416 1092 1477 1132 rei
1518 1091 1783 1133 illustrandae
1816 1106 1965 1148 parum
2004 1094 2182 1134 serviunt
2222 1094 2253 1136 1.

249 1165 354 1206 Pani
395 1166 487 1207 diss.
529 1166 583 1207 de
622 1167 730 1222 grati
771 1166 894 1207 animi
938 1167 1083 1209 officiis
1114 1173 1239 1223 atque
1269 1168 1525 1224 ingratorum
1555 1181 1694 1223 poena
1721 1167 1810 1208 iure
1839 1168 1964 1209 attico
1997 1174 2040 1210 et
2068 1182 2254 1211 romano.

250 1241 389 1297 Lugd.
416 1242 510 1282 Bat.
554 1242 685 1282 1809.
746 1242 796 1282 E.
834 1243 992 1284 Mahiri
1019 1244 1110 1284 diss.
1152 1245 1279 1284 ueber
1311 1244 1350 1283 d.
1382 1244 1514 1284 Natur
1546 1243 1586 1282 d.
1619 1243 1729 1283 dona
1759 1246 2091 1285 remuneratoria.
2123 1245 2255 1286 Mun-

250 1316 357 1357 chen
385 1316 518 1369 1828,
560 1332 736 1371 quorum
768 1324 912 1358 neuter
942 1320 1083 1373 legem
1115 1319 1298 1359 Cinciam
1330 1324 1623 1370 memorarunt,
1663 1320 1868 1373 posterior
1895 1326 2034 1360 autem
2066 1320 2122 1360 ad
2154 1319 2255 1360 seri-

250 1404 323 1433 ora
354 1398 512 1434 tantum
544 1393 721 1449 respexit
751 1398 954 1449 tempora.

371 1468 483 1509 Num
512 1468 596 1509 hae
626 1482 826 1524 personae
848 1468 1046 1530 Savignio
1078 1474 1221 1510 autore
1248 1469 1465 1524 (zeitschr.
1496 1469 1567 1521 IV,
1598 1483 1640 1525 p.
1674 1468 1754 1523 26)
1776 1469 1829 1510 ab
1849 1469 2057 1512 Antonino
2076 1470 2153 1511 Pio
2174 1470 2253 1512 de-

250 1556 363 1584 mum
395 1543 546 1584 fuerint
579 1549 787 1598 exceptae,
833 1542 1099 1585 vehementer
1130 1543 1296 1597 dubito,
1338 1544 1422 1586 hoc
1451 1544 1589 1600 potius
1621 1558 1788 1596 cense0,
1845 1545 1877 1585 si
1907 1559 1990 1585 non
2022 1559 2175 1598 omnes,
2209 1553 2254 1588 at

250 1624 359 1660 certe
390 1624 589 1675 cognatos
621 1619 719 1673 lege
751 1618 893 1659 Cincia
923 1619 1044 1661 fuisse
1072 1626 1283 1682 exceptos,
1334 1620 1587 1661 Antoninum
1628 1626 1766 1660 autem
1805 1620 1986 1675 primum
2017 1621 2251 1664 libertatem

249 1709 273 1735 a
302 1695 436 1736 modis
466 1694 723 1750 acquirendi,
764 1694 834 1748 qui
864 1700 1012 1750 postea
1044 1710 1213 1750 quoque
1243 1697 1438 1746 valerent,
1467 1695 1654 1737 tribuisse
1685 1696 1922 1751 parentibus
1953 1701 1995 1737 et
2024 1696 2175 1750 liberis,
2209 1698 2256 1740 id

252 1771 369 1825 quod
410 1771 515 1811 infra
555 1771 702 1810 clarius
739 1770 910 1825 patebit.
981 1771 1135 1810 Plinius
1177 1778 1314 1811 autem
1353 1772 1409 1811 ad
1449 1784 1573 1824 quem
1605 1776 1752 1810 testem
1798 1777 1999 1826 provocat
2025 1772 2257 1828 Savignius,

247 1846 353 1887 nihil
383 1847 548 1902 probat,
591 1846 718 1884 immo
750 1858 845 1884 cum
865 1846 983 1885 nobis
1016 1846 1135 1897 facit,
1177 1860 1273 1886 nam
1295 1858 1544 1899 quamquam
1575 1846 1713 1885 scribit
1744 1847 1859 1900 epist.
1891 1846 1942 1897 V,
1986 1847 2043 1887 21
2077 1854 2252 1891 matrem

249 1927 434 1963 coactam
472 1921 594 1961 fuisse
631 1926 677 1960 ut
720 1919 888 1959 donatio
919 1919 1096 1971 valeret,
1155 1920 1389 1976 mancipare
1419 1920 1506 1959 filio
1539 1920 1703 1971 fundos,
1745 1934 1830 1974 quo
1863 1920 2095 1961 testimonio
2125 1923 2254 1964 utitur

249 1998 466 2053 Savignius
498 1996 767 2045 concludens,
809 2009 901 2034 cum
934 1995 1115 2035 Traiano
1146 1996 1396 2050 imperatore
1426 1996 1658 2035 libertatem
1690 2011 1715 2035 a
1734 1995 1868 2036 modis
1898 1996 1975 2036 illis
2006 2010 2088 2035 non
2113 1996 2253 2038 habu-

251 2074 355 2117 erint
390 2078 582 2130 parentes
625 2077 667 2113 et
708 2070 825 2112 liberi
855 2092 918 2102 --
957 2070 999 2111 in
1038 2085 1122 2126 quo
1166 2071 1337 2126 quidem
1369 2086 1534 2113 omnem
1564 2071 1680 2113 videt
1710 2070 2005 2127 exceptionem,
2035 2094 2099 2105 —
2130 2078 2252 2115 antea

333 2193 363 2233 ’)
385 2192 513 2233 Fragm.
556 2192 585 2230 §.
609 2192 681 2222 302.
718 2192 802 2223 303..
844 2189 1054 2231 Excipiuntur
1076 2194 1109 2222 et
1128 2190 1274 2223 adfinium
1295 2201 1466 2231 personae,
1486 2195 1522 2223 ut
1538 2191 1697 2230 privignus
1728 2189 1890 2229 privigna,
1922 2198 2079 2227 noverca,
2105 2191 2249 2230 vitricus,

381 2258 495 2286 socer,
518 2257 651 2284 socrus,
673 2256 789 2283 nurus,
810 2247 857 2277 vir
878 2252 912 2278 et
940 2240 1040 2288 nitor,
1064 2257 1220 2287 sponsus,
1248 2258 1372 2288 sponsa.
1415 2247 1480 2277 Sed
1496 2248 1526 2277 in
1548 2247 1606 2278 hac
1628 2247 1748 2277 adfines
1773 2247 1825 2285 qui
1843 2250 1916 2276 sunt
1938 2249 2081 2286 tempore
2095 2247 2245 2279 donatio-

380 2306 429 2336 niu
462 2306 666 2344 excipiuntur.
717 2303 868 2343 Idemque
893 2305 986 2335 etiam
1009 2305 1099 2336 divus
1118 2305 1195 2337 Pius
1215 2306 1395 2345 rescripsit:
1417 2305 1504 2345 leges
1533 2305 1614 2336 enim
1648 2313 1731 2343 quae
1761 2304 1934 2335 voluissent
1955 2305 2048 2335 etiam
2071 2314 2128 2337 eos
2159 2306 2247 2337 exci-

380 2372 457 2402 pere
484 2362 536 2400 qui
556 2362 698 2399 fuissent,
719 2362 899 2394 nominatim
919 2362 951 2393 id
975 2363 1105 2394 cavisse.

334 2419 379 2461 ⁸⁶)
400 2419 528 2460 Fragm.
562 2420 687 2458 §.tw-1.
731 2418 858 2459 Excipit
878 2418 939 2459 (sc.
962 2419 1029 2461 lex)
1071 2424 1228 2458 tutorem,
1250 2420 1302 2460 qui
1333 2419 1461 2451 tutelam
1496 2419 1599 2460 gerit,
1638 2418 1665 2450 si
1684 2417 1760 2450 dare
1782 2418 1888 2456 volet,
1922 2419 1974 2458 qui
2005 2422 2125 2450 tutores
2155 2420 2247 2459 quui

380 2481 527 2517 parentes
549 2476 669 2516 proprii
690 2474 878 2515 pupillorum
899 2480 990 2507 sunt:
1008 2486 1080 2508 nam
1102 2478 1243 2518 permisit
1266 2479 1312 2508 eis
1333 2478 1481 2508 infinitum
1503 2476 1631 2507 donare.
1651 2476 1771 2507 Contra
1793 2480 1829 2506 ut
1849 2476 1949 2515 possit
1969 2476 2106 2515 pupillus
2142 2477 2244 2508 dona-

382 2543 418 2565 re
437 2544 500 2565 non
523 2535 656 2574 excepit.
675 2535 704 2572 S.
727 2536 800 2565 307.
842 2533 921 2564 Item
945 2536 1078 2574 exeipit:
1103 2536 1130 2566 si
1153 2536 1222 2574 quis
1243 2547 1262 2567 a
1283 2537 1400 2572 servis,
1422 2536 1537 2573 quique
1563 2544 1621 2574 pro
1641 2534 1739 2564 servis
1763 2534 1944 2563 servitutem
1978 2534 2158 2564 servierunt
2186 2544 2243 2565 ac-

383 2590 471 2632 cipit,
492 2591 559 2623 duit
581 2591 652 2632 (2),
674 2591 786 2631 quibus
809 2590 914 2622 verbis
936 2591 1137 2624 continentur
1158 2593 1283 2632 liberti}
1307 2592 1347 2625 cf.
1369 2594 1397 2631 ἓ.
1418 2594 1492 2624 308.
1516 2593 1588 2623 309.
1633 2591 1751 2622 Contra
1773 2594 1898 2628 autem,
1917 2590 2024 2622 liberti
2054 2601 2072 2621 a
2104 2592 2247 2630 patronis

385 2649 509 2689 excepti
530 2650 633 2680 sunt?
658 2653 690 2680 et
714 2648 773 2680 hoc
796 2649 863 2680 iure
884 2649 1022 2687 utimur,
1043 2659 1084 2681 ne
1107 2651 1231 2691 excepti
1261 2651 1443 2686 videantur,
1482 2653 1517 2681 ut
1546 2653 1579 2680 et
1606 2648 1682 2679 dare
1710 2652 1742 2679 et
1771 2657 1889 2689 capere
1921 2649 1974 2681 lex
2003 2648 2048 2681 eis
2076 2649 2246 2688 permittat.

386 2706 489 2741 Recte
512 2707 652 2740 defendit
675 2708 844 2740 lectionem
865 2706 957 2740 huius
985 2709 1016 2749 §i
1037 2708 1306 2742 Unterholznerus
1331 2708 1458 2749 (Rhein.
1478 2708 1562 2740 Mus.
1579 2706 1610 2740 11
1623 2730 1632 2747 ‚
1654 2717 1686 2749 p.
1706 2708 1779 2740 459.
1800 2717 1831 2739 n.
1856 2707 1926 2746 27).
