<?xml version="1.0" encoding="UTF-8"?>
<!DOCTYPE html PUBLIC "-//W3C//DTD XHTML 1.0 Transitional//EN"
    "http://www.w3.org/TR/xhtml1/DTD/xhtml1-transitional.dtd">
<html xmlns="http://www.w3.org/1999/xhtml" xml:lang="en" lang="en">
 <head>
  <title>
</title>
<meta http-equiv="Content-Type" content="text/html;charset=utf-8" />
  <meta name='ocr-system' content='tesseract 3.04.00' />
  <meta name='ocr-capabilities' content='ocr_page ocr_carea ocr_par ocr_line ocrx_word'/>
</head>
<body>
  <div class='ocr_page' id='page_1' title='image "4769599_0014.png"; bbox 0 0 2519 3077; ppageno 0'>
   <div class='ocr_carea' id='block_1_1' title="bbox 1059 120 1424 163">
    <p class='ocr_par' dir='ltr' id='par_1_1' title="bbox 1059 120 1424 163">
     <span class='ocr_line' id='line_1_1' title="bbox 1059 120 1424 163; baseline 0.003 -11"><span class='ocrx_word' id='word_1_1' title='bbox 1059 120 1424 163; x_wconf 35' lang='lat' dir='ltr'><strong><em>...ag-</em></strong></span> 
     </span>
    </p>
   </div>
   <div class='ocr_carea' id='block_1_2' title="bbox 230 229 2264 2778">
    <p class='ocr_par' dir='ltr' id='par_1_2' title="bbox 230 229 2260 444">
     <span class='ocr_line' id='line_1_2' title="bbox 230 229 2259 294; baseline 0 -13"><span class='ocrx_word' id='word_1_2' title='bbox 230 236 431 290; x_wconf 61' lang='lat' dir='ltr'><strong><em>mm,</em></strong></span> <span class='ocrx_word' id='word_1_3' title='bbox 479 232 606 294; x_wconf 65' lang='lat' dir='ltr'><strong><em>quae</em></strong></span> <span class='ocrx_word' id='word_1_4' title='bbox 623 229 887 292; x_wconf 61' lang='lat' dir='ltr'><strong><em>appellatur</em></strong></span> <span class='ocrx_word' id='word_1_5' title='bbox 917 230 1189 276; x_wconf 65' lang='lat' dir='ltr'><strong><em>arbitraria.-</em></strong></span> <span class='ocrx_word' id='word_1_6' title='bbox 1208 258 1211 265; x_wconf 87' lang='lat'>·</span> <span class='ocrx_word' id='word_1_7' title='bbox 1227 231 1536 284; x_wconf 47' lang='lat' dir='ltr'><strong><em>maudiut·</em></strong></span> <span class='ocrx_word' id='word_1_8' title='bbox 1565 232 1751 284; x_wconf 69' lang='lat' dir='ltr'><strong><em>oebitrio</em></strong></span> <span class='ocrx_word' id='word_1_9' title='bbox 1780 233 1820 275; x_wconf 73' lang='lat' dir='ltr'><strong><em>si</em></strong></span> <span class='ocrx_word' id='word_1_10' title='bbox 1851 233 1961 292; x_wconf 75' lang='lat' dir='ltr'><strong><em>quid</em></strong></span> <span class='ocrx_word' id='word_1_11' title='bbox 1987 237 2159 280; x_wconf 80' lang='lat' dir='ltr'><strong><em>restitui</em></strong></span> <span class='ocrx_word' id='word_1_12' title='bbox 2190 236 2259 281; x_wconf 82' lang='lat' dir='ltr'><strong><em>vel</em></strong></span> 
     </span>
     <span class='ocr_line' id='line_1_3' title="bbox 236 304 2260 369; baseline -0.003 -11"><span class='ocrx_word' id='word_1_13' title='bbox 236 313 443 358; x_wconf 65' lang='lat' dir='ltr'><strong><em>exhiberi</em></strong></span> <span class='ocrx_word' id='word_1_14' title='bbox 473 309 657 364; x_wconf 76' lang='lat' dir='ltr'><strong><em>debeat,</em></strong></span> <span class='ocrx_word' id='word_1_15' title='bbox 689 310 739 352; x_wconf 81' lang='lat' dir='ltr'><strong><em>id</em></strong></span> <span class='ocrx_word' id='word_1_16' title='bbox 768 304 879 352; x_wconf 67' lang='lat' dir='ltr'><strong><em>sina</em></strong></span> <span class='ocrx_word' id='word_1_17' title='bbox 891 321 1043 367; x_wconf 81' lang='lat' dir='ltr'><strong><em>poena</em></strong></span> <span class='ocrx_word' id='word_1_18' title='bbox 1072 307 1579 360; x_wconf 32' lang='lat' dir='ltr'><strong><em>eththa-vve11reaitu5e,</em></strong></span> <span class='ocrx_word' id='word_1_19' title='bbox 1612 313 1664 349; x_wconf 74' lang='lat' dir='ltr'><strong><em>et&#39;</em></strong></span> <span class='ocrx_word' id='word_1_20' title='bbox 1680 310 1683 312; x_wconf 82' lang='grc'><strong>’</strong></span> <span class='ocrx_word' id='word_1_21' title='bbox 1702 311 1767 352; x_wconf 80' lang='lat' dir='ltr'><strong><em>ita</em></strong></span> <span class='ocrx_word' id='word_1_22' title='bbox 1803 309 2070 353; x_wconf 76' lang='lat' dir='ltr'><strong><em>absolvitur.-</em></strong></span> <span class='ocrx_word' id='word_1_23' title='bbox 2104 314 2260 369; x_wconf 70' lang='lat' dir='ltr'><strong><em>quodsi</em></strong></span> 
     </span>
     <span class='ocr_line' id='line_1_4' title="bbox 238 381 1833 444; baseline -0.004 -10"><span class='ocrx_word' id='word_1_24' title='bbox 238 404 325 434; x_wconf 80' lang='lat' dir='ltr'><strong><em>nec</em></strong></span> <span class='ocrx_word' id='word_1_25' title='bbox 360 389 564 432; x_wconf 68' lang='lat' dir='ltr'><strong><em>restituat</em></strong></span> <span class='ocrx_word' id='word_1_26' title='bbox 591 398 739 444; x_wconf 74' lang='lat' dir='ltr'><strong><em>neque.</em></strong></span> <span class='ocrx_word' id='word_1_27' title='bbox 763 381 969 428; x_wconf 76' lang='lat' dir='ltr'><strong><em>exhibeat</em></strong></span> <span class='ocrx_word' id='word_1_28' title='bbox 986 417 998 436; x_wconf 92' lang='lat'><strong><em>,</em></strong></span> <span class='ocrx_word' id='word_1_29' title='bbox 1025 386 1175 442; x_wconf 76' lang='lat' dir='ltr'><strong><em>quanti</em></strong></span> <span class='ocrx_word' id='word_1_30' title='bbox 1206 398 1264 426; x_wconf 80' lang='lat' dir='ltr'><strong><em>ea</em></strong></span> <span class='ocrx_word' id='word_1_31' title='bbox 1293 398 1367 426; x_wconf 85' lang='lat' dir='ltr'><strong><em>res</em></strong></span> <span class='ocrx_word' id='word_1_32' title='bbox 1398 390 1464 425; x_wconf 84' lang='lat' dir='ltr'><strong><em>est</em></strong></span> <span class='ocrx_word' id='word_1_33' title='bbox 1504 385 1833 428; x_wconf 75' lang='lat' dir='ltr'><strong><em>condemnatur.</em></strong></span> 
     </span>
    </p>

    <p class='ocr_par' dir='ltr' id='par_1_3' title="bbox 242 457 2264 2778">
     <span class='ocr_line' id='line_1_5' title="bbox 366 457 2258 517; baseline -0.001 -11"><span class='ocrx_word' id='word_1_34' title='bbox 366 465 507 516; x_wconf 83' lang='lat' dir='ltr'><strong><em>Quam</em></strong></span> <span class='ocrx_word' id='word_1_35' title='bbox 546 463 790 504; x_wconf 86' lang='lat' dir='ltr'><strong><em>sententiam</em></strong></span> <span class='ocrx_word' id='word_1_36' title='bbox 822 457 1006 516; x_wconf 84' lang='lat' dir='ltr'><strong><em>quamvis</em></strong></span> <span class='ocrx_word' id='word_1_37' title='bbox 1050 460 1265 501; x_wconf 79' lang='lat' dir='ltr'>defensam</span> <span class='ocrx_word' id='word_1_38' title='bbox 1308 475 1333 501; x_wconf 86' lang='lat' dir='ltr'><strong><em>a</em></strong></span> <span class='ocrx_word' id='word_1_39' title='bbox 1370 460 1551 501; x_wconf 74' lang='lat' dir='ltr'><strong><em>Summis</em></strong></span> <span class='ocrx_word' id='word_1_40' title='bbox 1591 459 1698 502; x_wconf 77' lang='lat' dir='ltr'><strong><em>Viris</em></strong></span> <span class='ocrx_word' id='word_1_41' title='bbox 1739 460 1950 517; x_wconf 78' lang='lat' dir='ltr'><strong><em>Hugone,</em></strong></span> <span class='ocrx_word' id='word_1_42' title='bbox 1990 461 2258 516; x_wconf 82' lang='lat' dir='ltr'><strong><em>Zimmernio,</em></strong></span> 
     </span>
     <span class='ocr_line' id='line_1_6' title="bbox 243 534 2259 594; baseline -0.001 -12"><span class='ocrx_word' id='word_1_43' title='bbox 243 540 465 586; x_wconf 79' lang='lat' dir='ltr'><strong><em>-Huschkio</em></strong></span> <span class='ocrx_word' id='word_1_44' title='bbox 497 537 576 593; x_wconf 78' lang='lat' dir='ltr'><strong><em>(de</em></strong></span> <span class='ocrx_word' id='word_1_45' title='bbox 608 551 747 578; x_wconf 80' lang='lat' dir='ltr'><strong><em>caussa</em></strong></span> <span class='ocrx_word' id='word_1_46' title='bbox 776 535 930 578; x_wconf 78' lang='lat' dir='ltr'><strong><em>Siliana</em></strong></span> <span class='ocrx_word' id='word_1_47' title='bbox 962 535 1017 576; x_wconf 85' lang='lat' dir='ltr'><strong><em>ad</em></strong></span> <span class='ocrx_word' id='word_1_48' title='bbox 1058 534 1144 577; x_wconf 87' lang='lat' dir='ltr'>Cic.</span> <span class='ocrx_word' id='word_1_49' title='bbox 1176 535 1234 576; x_wconf 85' lang='lat' dir='ltr'><strong><em>ad</em></strong></span> <span class='ocrx_word' id='word_1_50' title='bbox 1279 534 1364 576; x_wconf 62' lang='lat' dir='ltr'><strong><em>dim·</em></strong></span> <span class='ocrx_word' id='word_1_51' title='bbox 1402 534 1523 586; x_wconf 80' lang='lat' dir='ltr'><strong><em>vn,</em></strong></span> <span class='ocrx_word' id='word_1_52' title='bbox 1558 534 1616 577; x_wconf 83' lang='lat'><strong><em>12</em></strong></span> <span class='ocrx_word' id='word_1_53' title='bbox 1656 548 1756 593; x_wconf 80' lang='lat' dir='ltr'><strong><em>pag.</em></strong></span> <span class='ocrx_word' id='word_1_54' title='bbox 1771 534 1860 591; x_wconf 68' lang='lat'><strong><em>8),</em></strong></span> <span class='ocrx_word' id='word_1_55' title='bbox 1921 535 2089 578; x_wconf 70' lang='lat' dir='ltr'><strong><em>Stahlio</em></strong></span> <span class='ocrx_word' id='word_1_56' title='bbox 2148 534 2259 594; x_wconf 77' lang='lat' dir='ltr'><strong><em>(neb.</em></strong></span> 
     </span>
     <span class='ocr_line' id='line_1_7' title="bbox 251 610 2259 669; baseline -0.003 -10"><span class='ocrx_word' id='word_1_57' title='bbox 251 620 325 660; x_wconf 82' lang='lat' dir='ltr'><strong><em>das</em></strong></span> <span class='ocrx_word' id='word_1_58' title='bbox 357 616 452 658; x_wconf 81' lang='lat' dir='ltr'><strong><em>aelt.</em></strong></span> <span class='ocrx_word' id='word_1_59' title='bbox 486 615 633 656; x_wconf 72' lang='lat' dir='ltr'><strong><em>noem.</em></strong></span> <span class='ocrx_word' id='word_1_60' title='bbox 659 610 918 669; x_wconf 79' lang='lat' dir='ltr'><strong><em>Klagerecht</em></strong></span> <span class='ocrx_word' id='word_1_61' title='bbox 948 625 990 667; x_wconf 90' lang='lat' dir='ltr'><strong><em>p.</em></strong></span> <span class='ocrx_word' id='word_1_62' title='bbox 1021 611 1081 651; x_wconf 81' lang='lat'><strong><em>41</em></strong></span> <span class='ocrx_word' id='word_1_63' title='bbox 1115 610 1223 667; x_wconf 86' lang='lat' dir='ltr'><strong><em>sqq.)</em></strong></span> <span class='ocrx_word' id='word_1_64' title='bbox 1252 618 1328 650; x_wconf 61' lang='lat' dir='ltr'><strong><em>ete</em></strong></span> <span class='ocrx_word' id='word_1_65' title='bbox 1359 616 1501 650; x_wconf 87' lang='lat' dir='ltr'><strong><em>tamen</em></strong></span> <span class='ocrx_word' id='word_1_66' title='bbox 1542 626 1567 651; x_wconf 88' lang='lat' dir='ltr'><strong><em>a</em></strong></span> <span class='ocrx_word' id='word_1_67' title='bbox 1600 625 1670 651; x_wconf 86' lang='lat' dir='ltr'><strong><em>me</em></strong></span> <span class='ocrx_word' id='word_1_68' title='bbox 1709 613 1930 667; x_wconf 87' lang='lat' dir='ltr'><strong><em>impetrare</em></strong></span> <span class='ocrx_word' id='word_1_69' title='bbox 1963 625 2052 652; x_wconf 82' lang='lat' dir='ltr'><strong><em>&#39;non</em></strong></span> <span class='ocrx_word' id='word_1_70' title='bbox 2092 627 2259 669; x_wconf 73' lang='lat' dir='ltr'><strong><em>possum</em></strong></span> 
     </span>
     <span class='ocr_line' id='line_1_8' title="bbox 243 688 2260 750; baseline -0.001 -17"><span class='ocrx_word' id='word_1_71' title='bbox 243 701 292 735; x_wconf 88' lang='lat' dir='ltr'><strong><em>ut</em></strong></span> <span class='ocrx_word' id='word_1_72' title='bbox 322 693 521 750; x_wconf 78' lang='lat' dir='ltr'>probem,</span> <span class='ocrx_word' id='word_1_73' title='bbox 549 703 645 729; x_wconf 84' lang='lat' dir='ltr'><strong><em>cum</em></strong></span> <span class='ocrx_word' id='word_1_74' title='bbox 678 690 728 728; x_wconf 83' lang='lat' dir='ltr'><strong><em>sit</em></strong></span> <span class='ocrx_word' id='word_1_75' title='bbox 758 688 1115 727; x_wconf 71' lang='lat' dir='ltr'><strong><em>verisimiliumum&#39;</em></strong></span> <span class='ocrx_word' id='word_1_76' title='bbox 1139 695 1180 727; x_wconf 91' lang='lat' dir='ltr'><strong><em>et</em></strong></span> <span class='ocrx_word' id='word_1_77' title='bbox 1212 701 1261 727; x_wconf 86' lang='lat' dir='ltr'><strong><em>ex</em></strong></span> <span class='ocrx_word' id='word_1_78' title='bbox 1297 700 1435 727; x_wconf 87' lang='lat' dir='ltr'><strong><em>rerum</em></strong></span> <span class='ocrx_word' id='word_1_79' title='bbox 1467 694 1612 727; x_wconf 89' lang='lat' dir='ltr'><strong><em>natura</em></strong></span> <span class='ocrx_word' id='word_1_80' title='bbox 1644 694 1687 728; x_wconf 85' lang='lat' dir='ltr'><strong><em>et</em></strong></span> <span class='ocrx_word' id='word_1_81' title='bbox 1713 701 1765 728; x_wconf 85' lang='lat' dir='ltr'><strong><em>ex</em></strong></span> <span class='ocrx_word' id='word_1_82' title='bbox 1793 688 1998 739; x_wconf 82' lang='lat' dir='ltr'><strong><em>fontibus,</em></strong></span> <span class='ocrx_word' id='word_1_83' title='bbox 2030 691 2170 731; x_wconf 77' lang='lat' dir='ltr'><strong><em>omnia</em></strong></span> <span class='ocrx_word' id='word_1_84' title='bbox 2196 690 2260 730; x_wconf 85' lang='lat' dir='ltr'><strong><em>iu-</em></strong></span> 
     </span>
     <span class='ocr_line' id='line_1_9' title="bbox 243 762 2260 816; baseline -0.001 -6"><span class='ocrx_word' id='word_1_85' title='bbox 243 771 352 811; x_wconf 82' lang='lat' dir='ltr'><strong><em>dicia</em></strong></span> <span class='ocrx_word' id='word_1_86' title='bbox 391 767 513 807; x_wconf 81' lang='lat' dir='ltr'><strong><em>fuisse</em></strong></span> <span class='ocrx_word' id='word_1_87' title='bbox 546 764 826 813; x_wconf 86' lang='lat' dir='ltr'><strong><em>absolutoria,</em></strong></span> <span class='ocrx_word' id='word_1_88' title='bbox 855 764 969 804; x_wconf 82' lang='lat' dir='ltr'><strong><em>cuius</em></strong></span> <span class='ocrx_word' id='word_1_89' title='bbox 1007 763 1177 816; x_wconf 89' lang='lat' dir='ltr'><strong><em>quidem</em></strong></span> <span class='ocrx_word' id='word_1_90' title='bbox 1208 763 1266 803; x_wconf 82' lang='lat' dir='ltr'><strong><em>rei</em></strong></span> <span class='ocrx_word' id='word_1_91' title='bbox 1297 762 1437 803; x_wconf 84' lang='lat' dir='ltr'><strong><em>habeo</em></strong></span> <span class='ocrx_word' id='word_1_92' title='bbox 1483 769 1671 804; x_wconf 77' lang='lat' dir='ltr'><strong>auctores</strong></span> <span class='ocrx_word' id='word_1_93' title='bbox 1712 770 1755 804; x_wconf 89' lang='lat' dir='ltr'><strong><em>et</em></strong></span> <span class='ocrx_word' id='word_1_94' title='bbox 1794 763 2029 806; x_wconf 83' lang='lat' dir='ltr'><strong><em>defensores</em></strong></span> <span class='ocrx_word' id='word_1_95' title='bbox 2069 764 2260 807; x_wconf 72' lang='lat' dir='ltr'><strong><em>Sabinia-</em></strong></span> 
     </span>
     <span class='ocr_line' id='line_1_10' title="bbox 243 837 2258 896; baseline -0.002 -9"><span class='ocrx_word' id='word_1_96' title='bbox 243 859 318 887; x_wconf 87' lang='lat' dir='ltr'><strong><em>nos</em></strong></span> <span class='ocrx_word' id='word_1_97' title='bbox 335 876 346 892; x_wconf 83' lang='lat'><strong><em>,</em></strong></span> <span class='ocrx_word' id='word_1_98' title='bbox 379 842 430 883; x_wconf 81' lang='lat' dir='ltr'><strong><em>cf.</em></strong></span> <span class='ocrx_word' id='word_1_99' title='bbox 463 840 556 883; x_wconf 83' lang='lat' dir='ltr'><strong><em>Gai.</em></strong></span> <span class='ocrx_word' id='word_1_100' title='bbox 588 837 659 891; x_wconf 88' lang='lat' dir='ltr'><strong><em>IV,</em></strong></span> <span class='ocrx_word' id='word_1_101' title='bbox 694 838 785 882; x_wconf 70' lang='lat'><strong><em>114</em></strong></span> <span class='ocrx_word' id='word_1_102' title='bbox 805 842 1004 896; x_wconf 76' lang='lat' dir='ltr'><strong><em>superest</em></strong></span> <span class='ocrx_word' id='word_1_103' title='bbox 1034 842 1081 880; x_wconf 87' lang='lat' dir='ltr'><strong><em>ut</em></strong></span> <span class='ocrx_word' id='word_1_104' title='bbox 1113 838 1429 895; x_wconf 74' lang='lat' dir='ltr'><strong><em>dispiciamus,</em></strong></span> <span class='ocrx_word' id='word_1_105' title='bbox 1461 837 1501 880; x_wconf 75' lang='lat' dir='ltr'><strong><em>si</em></strong></span> <span class='ocrx_word' id='word_1_106' title='bbox 1527 842 1631 880; x_wconf 85' lang='lat' dir='ltr'><strong><em>ante</em></strong></span> <span class='ocrx_word' id='word_1_107' title='bbox 1661 850 1759 880; x_wconf 84' lang='lat' dir='ltr'><strong><em>rem</em></strong></span> <span class='ocrx_word' id='word_1_108' title='bbox 1782 838 2028 882; x_wconf 75' lang='lat' dir='ltr'><strong><em>iudicatam</em></strong></span> <span class='ocrx_word' id='word_1_109' title='bbox 2059 839 2098 882; x_wconf 82' lang='lat' dir='ltr'><strong><em>is</em></strong></span> <span class='ocrx_word' id='word_1_110' title='bbox 2116 871 2128 894; x_wconf 90' lang='lat'>‚</span> <span class='ocrx_word' id='word_1_111' title='bbox 2160 853 2258 882; x_wconf 75' lang='lat' dir='ltr'><strong><em>cum</em></strong></span> 
     </span>
     <span class='ocr_line' id='line_1_11' title="bbox 242 913 2259 978; baseline -0.001 -17"><span class='ocrx_word' id='word_1_112' title='bbox 242 932 325 978; x_wconf 72' lang='lat' dir='ltr'><strong><em>qino</em></strong></span> <span class='ocrx_word' id='word_1_113' title='bbox 366 918 546 976; x_wconf 78' lang='lat' dir='ltr'><strong><em>agitur,</em></strong></span> <span class='ocrx_word' id='word_1_114' title='bbox 581 920 686 973; x_wconf 84' lang='lat' dir='ltr'><strong><em>post</em></strong></span> <span class='ocrx_word' id='word_1_115' title='bbox 730 919 959 971; x_wconf 82' lang='lat' dir='ltr'><strong><em>acceptum</em></strong></span> <span class='ocrx_word' id='word_1_116' title='bbox 1000 914 1211 954; x_wconf 73' lang='lat' dir='ltr'><strong><em>iudicium</em></strong></span> <span class='ocrx_word' id='word_1_117' title='bbox 1252 913 1510 970; x_wconf 71' lang='lat' dir='ltr'><strong><em>satisfaciat</em></strong></span> <span class='ocrx_word' id='word_1_118' title='bbox 1553 915 1719 963; x_wconf 79' lang='lat' dir='ltr'><strong><em>actori,</em></strong></span> <span class='ocrx_word' id='word_1_119' title='bbox 1765 914 1873 971; x_wconf 81' lang='lat' dir='ltr'><strong><em>quid</em></strong></span> <span class='ocrx_word' id='word_1_120' title='bbox 1906 913 2058 974; x_wconf 66' lang='lat' dir='ltr'><strong><em>officio</em></strong></span> <span class='ocrx_word' id='word_1_121' title='bbox 2097 916 2259 958; x_wconf 74' lang='lat' dir='ltr'><strong><em>iudicis</em></strong></span> 
     </span>
     <span class='ocr_line' id='line_1_12' title="bbox 244 989 2261 1047; baseline -0.002 -10"><span class='ocrx_word' id='word_1_122' title='bbox 244 995 494 1038; x_wconf 79' lang='lat' dir='ltr'><strong><em>conveniat:</em></strong></span> <span class='ocrx_word' id='word_1_123' title='bbox 523 996 671 1033; x_wconf 77' lang='lat' dir='ltr'><strong><em>utrum</em></strong></span> <span class='ocrx_word' id='word_1_124' title='bbox 688 990 953 1040; x_wconf 81' lang='lat' dir='ltr'><strong><em>absolvere,</em></strong></span> <span class='ocrx_word' id='word_1_125' title='bbox 987 1003 1046 1029; x_wconf 84' lang='lat' dir='ltr'><strong><em>an</em></strong></span> <span class='ocrx_word' id='word_1_126' title='bbox 1078 989 1178 1029; x_wconf 81' lang='lat' dir='ltr'><strong><em>ideo</em></strong></span> <span class='ocrx_word' id='word_1_127' title='bbox 1204 990 1355 1046; x_wconf 80' lang='lat' dir='ltr'><strong><em>potius</em></strong></span> <span class='ocrx_word' id='word_1_128' title='bbox 1387 990 1629 1039; x_wconf 82' lang='lat' dir='ltr'><strong><em>damnare,</em></strong></span> <span class='ocrx_word' id='word_1_129' title='bbox 1661 990 1766 1045; x_wconf 76' lang='lat' dir='ltr'><strong><em>qaia</em></strong></span> <span class='ocrx_word' id='word_1_130' title='bbox 1817 990 1971 1031; x_wconf 79' lang='lat' dir='ltr'><strong><em>iudicii</em></strong></span> <span class='ocrx_word' id='word_1_131' title='bbox 2010 991 2261 1047; x_wconf 78' lang='lat' dir='ltr'><strong><em>accipiendi</em></strong></span> 
     </span>
     <span class='ocr_line' id='line_1_13' title="bbox 244 1065 2260 1128; baseline -0.001 -15"><span class='ocrx_word' id='word_1_132' title='bbox 244 1078 440 1128; x_wconf 82' lang='lat' dir='ltr'><strong><em>tempore</em></strong></span> <span class='ocrx_word' id='word_1_133' title='bbox 468 1070 512 1109; x_wconf 80' lang='lat' dir='ltr'><strong><em>in</em></strong></span> <span class='ocrx_word' id='word_1_134' title='bbox 546 1082 601 1109; x_wconf 89' lang='lat' dir='ltr'><strong><em>ea</em></strong></span> <span class='ocrx_word' id='word_1_135' title='bbox 627 1080 790 1108; x_wconf 83' lang='lat' dir='ltr'><strong><em>caussa</em></strong></span> <span class='ocrx_word' id='word_1_136' title='bbox 808 1065 932 1121; x_wconf 81' lang='lat' dir='ltr'><strong><em>suit,</em></strong></span> <span class='ocrx_word' id='word_1_137' title='bbox 963 1071 1008 1106; x_wconf 82' lang='lat' dir='ltr'><strong><em>ut</em></strong></span> <span class='ocrx_word' id='word_1_138' title='bbox 1041 1066 1251 1106; x_wconf 74' lang='lat' dir='ltr'><strong><em>damnari</em></strong></span> <span class='ocrx_word' id='word_1_139' title='bbox 1283 1065 1453 1106; x_wconf 80' lang='lat' dir='ltr'><strong><em>debeat.</em></strong></span> <span class='ocrx_word' id='word_1_140' title='bbox 1516 1065 1660 1106; x_wconf 79' lang='lat' dir='ltr'><strong><em>nostri</em></strong></span> <span class='ocrx_word' id='word_1_141' title='bbox 1683 1071 2001 1121; x_wconf 75' lang='lat' dir='ltr'><strong><em>praeceptores</em></strong></span> <span class='ocrx_word' id='word_1_142' title='bbox 2032 1065 2260 1110; x_wconf 72' lang='lat' dir='ltr'><strong><em>absolvere</em></strong></span> 
     </span>
     <span class='ocr_line' id='line_1_14' title="bbox 244 1140 2259 1196; baseline -0.001 -9"><span class='ocrx_word' id='word_1_143' title='bbox 244 1161 345 1187; x_wconf 84' lang='lat' dir='ltr'><strong><em>eum</em></strong></span> <span class='ocrx_word' id='word_1_144' title='bbox 378 1144 541 1185; x_wconf 69' lang='lat' dir='ltr'><strong><em>‹leben-e</em></strong></span> <span class='ocrx_word' id='word_1_145' title='bbox 584 1143 874 1190; x_wconf 65' lang='lat' dir='ltr'><strong><em>existumant,</em></strong></span> <span class='ocrx_word' id='word_1_146' title='bbox 905 1154 984 1181; x_wconf 80' lang='lat' dir='ltr'><strong><em>nec</em></strong></span> <span class='ocrx_word' id='word_1_147' title='bbox 1010 1142 1242 1191; x_wconf 83' lang='lat' dir='ltr'><strong><em>iuteresse,</em></strong></span> <span class='ocrx_word' id='word_1_148' title='bbox 1273 1141 1399 1181; x_wconf 81' lang='lat' dir='ltr'><strong><em>cuius</em></strong></span> <span class='ocrx_word' id='word_1_149' title='bbox 1428 1140 1611 1196; x_wconf 71' lang='lat' dir='ltr'><strong><em>generis</em></strong></span> <span class='ocrx_word' id='word_1_150' title='bbox 1646 1140 1787 1195; x_wconf 74' lang='lat' dir='ltr'><strong><em>suerit</em></strong></span> <span class='ocrx_word' id='word_1_151' title='bbox 1827 1141 2061 1192; x_wconf 75' lang='lat' dir='ltr'><strong><em>iudicium,-</em></strong></span> <span class='ocrx_word' id='word_1_152' title='bbox 2095 1147 2137 1183; x_wconf 85' lang='lat' dir='ltr'><strong><em>et</em></strong></span> <span class='ocrx_word' id='word_1_153' title='bbox 2177 1142 2259 1185; x_wconf 82' lang='lat' dir='ltr'><strong><em>hoc</em></strong></span> 
     </span>
     <span class='ocr_line' id='line_1_15' title="bbox 245 1215 2261 1278; baseline -0.002 -14"><span class='ocrx_word' id='word_1_154' title='bbox 245 1227 333 1273; x_wconf 86' lang='lat' dir='ltr'><strong><em>est,</em></strong></span> <span class='ocrx_word' id='word_1_155' title='bbox 365 1221 483 1278; x_wconf 79' lang='lat' dir='ltr'><strong><em>quod</em></strong></span> <span class='ocrx_word' id='word_1_156' title='bbox 514 1219 648 1276; x_wconf 85' lang='lat' dir='ltr'><strong><em>volgo</em></strong></span> <span class='ocrx_word' id='word_1_157' title='bbox 680 1218 862 1267; x_wconf 72' lang='lat' dir='ltr'><strong><em>dicitur,</em></strong></span> <span class='ocrx_word' id='word_1_158' title='bbox 893 1215 1062 1259; x_wconf 81' lang='lat' dir='ltr'><strong><em>Sabino</em></strong></span> <span class='ocrx_word' id='word_1_159' title='bbox 1093 1221 1135 1257; x_wconf 85' lang='lat' dir='ltr'><strong><em>et</em></strong></span> <span class='ocrx_word' id='word_1_160' title='bbox 1171 1216 1325 1258; x_wconf 81' lang='lat' dir='ltr'><strong><em>Cassio</em></strong></span> <span class='ocrx_word' id='word_1_161' title='bbox 1353 1216 1558 1271; x_wconf 80' lang='lat' dir='ltr'><strong><em>placere,</em></strong></span> <span class='ocrx_word' id='word_1_162' title='bbox 1591 1215 1738 1257; x_wconf 74' lang='lat' dir='ltr'><strong><em>omnia</em></strong></span> <span class='ocrx_word' id='word_1_163' title='bbox 1780 1215 1951 1258; x_wconf 77' lang='lat' dir='ltr'><strong><em>iudicia</em></strong></span> <span class='ocrx_word' id='word_1_164' title='bbox 1995 1230 2092 1258; x_wconf 86' lang='lat' dir='ltr'><strong><em>esse</em></strong></span> <span class='ocrx_word' id='word_1_165' title='bbox 2131 1216 2261 1260; x_wconf 79' lang='lat' dir='ltr'><strong><em>abso-</em></strong></span> 
     </span>
     <span class='ocr_line' id='line_1_16' title="bbox 248 1291 2261 1348; baseline -0.004 -9"><span class='ocrx_word' id='word_1_166' title='bbox 248 1297 410 1339; x_wconf 74' lang='lat' dir='ltr'><strong><em>lutoria</em></strong></span> <span class='ocrx_word' id='word_1_167' title='bbox 444 1327 453 1336; x_wconf 89' lang='lat'><strong>.</strong></span> <span class='ocrx_word' id='word_1_168' title='bbox 553 1294 625 1348; x_wconf 91' lang='lat' dir='ltr'><strong><em>qui</em></strong></span> <span class='ocrx_word' id='word_1_169' title='bbox 657 1292 792 1339; x_wconf 85' lang='lat' dir='ltr'><strong><em>locus,</em></strong></span> <span class='ocrx_word' id='word_1_170' title='bbox 826 1305 1062 1346; x_wconf 82' lang='lat' dir='ltr'>quanquam</span> <span class='ocrx_word' id='word_1_171' title='bbox 1094 1292 1303 1345; x_wconf 80' lang='lat' dir='ltr'><strong><em>sequentia</em></strong></span> <span class='ocrx_word' id='word_1_172' title='bbox 1344 1291 1482 1345; x_wconf 81' lang='lat' dir='ltr'>rapaci</span> <span class='ocrx_word' id='word_1_173' title='bbox 1531 1292 1730 1346; x_wconf 83' lang='lat' dir='ltr'><strong><em>temporis</em></strong></span> <span class='ocrx_word' id='word_1_174' title='bbox 1769 1291 1895 1331; x_wconf 86' lang='lat' dir='ltr'><strong><em>dente</em></strong></span> <span class='ocrx_word' id='word_1_175' title='bbox 1935 1291 2114 1332; x_wconf 87' lang='lat' dir='ltr'><strong><em>lacerata</em></strong></span> <span class='ocrx_word' id='word_1_176' title='bbox 2156 1298 2261 1343; x_wconf 73' lang='lat' dir='ltr'><strong><em>sunt,</em></strong></span> 
     </span>
     <span class='ocr_line' id='line_1_17' title="bbox 249 1364 2262 1418; baseline -0.002 -5"><span class='ocrx_word' id='word_1_177' title='bbox 249 1372 295 1413; x_wconf 91' lang='lat' dir='ltr'><strong><em>id</em></strong></span> <span class='ocrx_word' id='word_1_178' title='bbox 328 1378 469 1412; x_wconf 83' lang='lat' dir='ltr'><strong><em>tamen</em></strong></span> <span class='ocrx_word' id='word_1_179' title='bbox 500 1369 646 1418; x_wconf 85' lang='lat' dir='ltr'><strong><em>docet,</em></strong></span> <span class='ocrx_word' id='word_1_180' title='bbox 678 1367 920 1408; x_wconf 81' lang='lat' dir='ltr'><strong><em>Sabinianos</em></strong></span> <span class='ocrx_word' id='word_1_181' title='bbox 952 1366 1088 1406; x_wconf 78' lang='lat' dir='ltr'><strong><em>omnia</em></strong></span> <span class='ocrx_word' id='word_1_182' title='bbox 1113 1364 1265 1406; x_wconf 88' lang='lat' dir='ltr'><strong><em>iudicia</em></strong></span> <span class='ocrx_word' id='word_1_183' title='bbox 1290 1364 1482 1405; x_wconf 78' lang='lat' dir='ltr'><strong><em>habuisse</em></strong></span> <span class='ocrx_word' id='word_1_184' title='bbox 1514 1365 1790 1416; x_wconf 81' lang='lat' dir='ltr'><strong><em>absolutoria,</em></strong></span> <span class='ocrx_word' id='word_1_185' title='bbox 1835 1372 1877 1405; x_wconf 86' lang='lat' dir='ltr'><strong><em>et</em></strong></span> <span class='ocrx_word' id='word_1_186' title='bbox 1918 1372 1965 1406; x_wconf 90' lang='lat' dir='ltr'><strong><em>ut</em></strong></span> <span class='ocrx_word' id='word_1_187' title='bbox 2003 1366 2262 1408; x_wconf 84' lang='lat' dir='ltr'><strong><em>Proculeiani</em></strong></span> 
     </span>
     <span class='ocr_line' id='line_1_18' title="bbox 244 1439 2262 1497; baseline -0.003 -9"><span class='ocrx_word' id='word_1_188' title='bbox 244 1448 289 1489; x_wconf 87' lang='lat' dir='ltr'><strong><em>in</em></strong></span> <span class='ocrx_word' id='word_1_189' title='bbox 320 1445 499 1487; x_wconf 83' lang='lat' dir='ltr'><strong><em>diversas</em></strong></span> <span class='ocrx_word' id='word_1_190' title='bbox 526 1443 677 1484; x_wconf 88' lang='lat' dir='ltr'><strong><em>abeant</em></strong></span> <span class='ocrx_word' id='word_1_191' title='bbox 707 1447 869 1497; x_wconf 74' lang='lat' dir='ltr'><strong><em>partes,</em></strong></span> <span class='ocrx_word' id='word_1_192' title='bbox 900 1439 985 1481; x_wconf 88' lang='lat' dir='ltr'><strong><em>hoc</em></strong></span> <span class='ocrx_word' id='word_1_193' title='bbox 1023 1440 1172 1482; x_wconf 85' lang='lat' dir='ltr'><strong><em>saltem</em></strong></span> <span class='ocrx_word' id='word_1_194' title='bbox 1212 1440 1371 1496; x_wconf 86' lang='lat' dir='ltr'><strong><em>arguit,</em></strong></span> <span class='ocrx_word' id='word_1_195' title='bbox 1412 1453 1506 1480; x_wconf 89' lang='lat' dir='ltr'><strong><em>cum</em></strong></span> <span class='ocrx_word' id='word_1_196' title='bbox 1546 1440 1628 1479; x_wconf 89' lang='lat' dir='ltr'><strong><em>iam</em></strong></span> <span class='ocrx_word' id='word_1_197' title='bbox 1671 1447 1833 1481; x_wconf 84' lang='lat' dir='ltr'><strong><em>veteres</em></strong></span> <span class='ocrx_word' id='word_1_198' title='bbox 1872 1441 2053 1482; x_wconf 83' lang='lat' dir='ltr'><strong><em>Romani</em></strong></span> <span class='ocrx_word' id='word_1_199' title='bbox 2092 1442 2262 1482; x_wconf 85' lang='lat' dir='ltr'><strong><em>dubita-</em></strong></span> 
     </span>
     <span class='ocr_line' id='line_1_19' title="bbox 245 1515 2262 1573; baseline -0.002 -11"><span class='ocrx_word' id='word_1_200' title='bbox 245 1523 401 1570; x_wconf 76' lang='lat' dir='ltr'><strong><em>verint,</em></strong></span> <span class='ocrx_word' id='word_1_201' title='bbox 430 1533 504 1561; x_wconf 83' lang='lat' dir='ltr'><strong><em>nos</em></strong></span> <span class='ocrx_word' id='word_1_202' title='bbox 537 1531 706 1573; x_wconf 84' lang='lat' dir='ltr'><strong><em>quoque</em></strong></span> <span class='ocrx_word' id='word_1_203' title='bbox 731 1516 836 1556; x_wconf 87' lang='lat' dir='ltr'><strong><em>nihil</em></strong></span> <span class='ocrx_word' id='word_1_204' title='bbox 866 1517 966 1556; x_wconf 84' lang='lat' dir='ltr'><strong><em>certi</em></strong></span> <span class='ocrx_word' id='word_1_205' title='bbox 996 1529 1118 1572; x_wconf 83' lang='lat' dir='ltr'><strong><em>posse</em></strong></span> <span class='ocrx_word' id='word_1_206' title='bbox 1146 1522 1334 1556; x_wconf 78' lang='lat' dir='ltr'><strong><em>statuere.</em></strong></span> <span class='ocrx_word' id='word_1_207' title='bbox 1411 1515 1641 1555; x_wconf 82' lang='lat' dir='ltr'><strong><em>Permirum</em></strong></span> <span class='ocrx_word' id='word_1_208' title='bbox 1676 1522 1820 1556; x_wconf 83' lang='lat' dir='ltr'><strong><em>autem</em></strong></span> <span class='ocrx_word' id='word_1_209' title='bbox 1860 1524 1987 1568; x_wconf 70' lang='lat' dir='ltr'><strong><em>esset,</em></strong></span> <span class='ocrx_word' id='word_1_210' title='bbox 2029 1518 2262 1558; x_wconf 71' lang='lat' dir='ltr'><strong><em>arbitrariae</em></strong></span> 
     </span>
     <span class='ocr_line' id='line_1_20' title="bbox 251 1590 2262 1649; baseline -0.002 -10"><span class='ocrx_word' id='word_1_211' title='bbox 251 1598 337 1639; x_wconf 81' lang='lat' dir='ltr'><strong><em>hoc</em></strong></span> <span class='ocrx_word' id='word_1_212' title='bbox 374 1595 566 1637; x_wconf 86' lang='lat' dir='ltr'><strong><em>habuisse</em></strong></span> <span class='ocrx_word' id='word_1_213' title='bbox 597 1592 891 1649; x_wconf 86' lang='lat' dir='ltr'><strong><em>praecipuum,</em></strong></span> <span class='ocrx_word' id='word_1_214' title='bbox 924 1605 1059 1645; x_wconf 88' lang='lat' dir='ltr'><strong><em>neque</em></strong></span> <span class='ocrx_word' id='word_1_215' title='bbox 1090 1592 1213 1632; x_wconf 87' lang='lat' dir='ltr'><strong><em>etiam</em></strong></span> <span class='ocrx_word' id='word_1_216' title='bbox 1243 1591 1286 1632; x_wconf 87' lang='lat' dir='ltr'><strong><em>in</em></strong></span> <span class='ocrx_word' id='word_1_217' title='bbox 1316 1590 1403 1631; x_wconf 85' lang='lat' dir='ltr'><strong><em>aliis</em></strong></span> <span class='ocrx_word' id='word_1_218' title='bbox 1435 1591 1662 1632; x_wconf 85' lang='lat' dir='ltr'><strong><em>actionibus</em></strong></span> <span class='ocrx_word' id='word_1_219' title='bbox 1688 1592 1990 1634; x_wconf 84' lang='lat' dir='ltr'><strong><em>absolutionem</em></strong></span> <span class='ocrx_word' id='word_1_220' title='bbox 2021 1607 2107 1634; x_wconf 76' lang='lat' dir='ltr'><strong><em>esse</em></strong></span> <span class='ocrx_word' id='word_1_221' title='bbox 2146 1607 2262 1635; x_wconf 89' lang='lat' dir='ltr'><strong><em>secu·-</em></strong></span> 
     </span>
     <span class='ocr_line' id='line_1_21' title="bbox 248 1659 2264 1723; baseline -0.001 -10"><span class='ocrx_word' id='word_1_222' title='bbox 248 1681 360 1723; x_wconf 81' lang='lat' dir='ltr'><strong><em>tam,</em></strong></span> <span class='ocrx_word' id='word_1_223' title='bbox 392 1673 422 1712; x_wconf 86' lang='lat' dir='ltr'><strong><em>si</em></strong></span> <span class='ocrx_word' id='word_1_224' title='bbox 452 1684 544 1711; x_wconf 88' lang='lat' dir='ltr'><strong><em>reus</em></strong></span> <span class='ocrx_word' id='word_1_225' title='bbox 586 1668 824 1709; x_wconf 79' lang='lat' dir='ltr'><strong><em>satisfecerit</em></strong></span> <span class='ocrx_word' id='word_1_226' title='bbox 869 1667 1020 1717; x_wconf 80' lang='lat' dir='ltr'><strong><em>actori,</em></strong></span> <span class='ocrx_word' id='word_1_227' title='bbox 1065 1680 1304 1723; x_wconf 84' lang='lat' dir='ltr'><strong><em>quanquam</em></strong></span> <span class='ocrx_word' id='word_1_228' title='bbox 1335 1680 1419 1707; x_wconf 89' lang='lat' dir='ltr'><strong><em>non</em></strong></span> <span class='ocrx_word' id='word_1_229' title='bbox 1463 1680 1597 1721; x_wconf 85' lang='lat' dir='ltr'><strong><em>nego,</em></strong></span> <span class='ocrx_word' id='word_1_230' title='bbox 1642 1667 1889 1722; x_wconf 77' lang='lat' dir='ltr'><strong><em>saepissume</em></strong></span> <span class='ocrx_word' id='word_1_231' title='bbox 1919 1666 1964 1708; x_wconf 88' lang='lat' dir='ltr'><strong><em>id</em></strong></span> <span class='ocrx_word' id='word_1_232' title='bbox 1999 1659 2193 1710; x_wconf 78' lang='lat' dir='ltr'><strong><em>accidisse</em></strong></span> <span class='ocrx_word' id='word_1_233' title='bbox 2222 1669 2264 1710; x_wconf 85' lang='lat' dir='ltr'><strong><em>in</em></strong></span> 
     </span>
     <span class='ocr_line' id='line_1_22' title="bbox 253 1741 2264 1799; baseline -0.003 -8"><span class='ocrx_word' id='word_1_234' title='bbox 253 1746 473 1792; x_wconf 82' lang='lat' dir='ltr'><strong><em>arbitrariis</em></strong></span> <span class='ocrx_word' id='word_1_235' title='bbox 490 1776 502 1796; x_wconf 89' lang='lat'><strong>‚</strong></span> <span class='ocrx_word' id='word_1_236' title='bbox 545 1749 805 1799; x_wconf 81' lang='lat' dir='ltr'><strong><em>quapropter</em></strong></span> <span class='ocrx_word' id='word_1_237' title='bbox 822 1742 1026 1784; x_wconf 83' lang='lat' dir='ltr'><strong><em>additum</em></strong></span> <span class='ocrx_word' id='word_1_238' title='bbox 1069 1748 1130 1783; x_wconf 83' lang='lat' dir='ltr'><strong><em>est</em></strong></span> <span class='ocrx_word' id='word_1_239' title='bbox 1160 1743 1214 1782; x_wconf 91' lang='lat' dir='ltr'><strong><em>in·</em></strong></span> <span class='ocrx_word' id='word_1_240' title='bbox 1235 1741 1333 1782; x_wconf 85' lang='lat' dir='ltr'><strong><em>locis</em></strong></span> <span class='ocrx_word' id='word_1_241' title='bbox 1363 1755 1488 1797; x_wconf 88' lang='lat' dir='ltr'><strong><em>supra</em></strong></span> <span class='ocrx_word' id='word_1_242' title='bbox 1519 1741 1718 1795; x_wconf 74' lang='lat' dir='ltr'><strong><em>laudatis,</em></strong></span> <span class='ocrx_word' id='word_1_243' title='bbox 1745 1753 1797 1783; x_wconf 84' lang='lat' dir='ltr'><strong><em>ex</em></strong></span> <span class='ocrx_word' id='word_1_244' title='bbox 1827 1743 1977 1797; x_wconf 89' lang='lat' dir='ltr'><strong><em>quibus</em></strong></span> <span class='ocrx_word' id='word_1_245' title='bbox 2004 1743 2148 1799; x_wconf 87' lang='lat' dir='ltr'><strong><em>colligi</em></strong></span> <span class='ocrx_word' id='word_1_246' title='bbox 2181 1757 2264 1785; x_wconf 90' lang='lat' dir='ltr'><strong><em>non</em></strong></span> 
     </span>
     <span class='ocr_line' id='line_1_23' title="bbox 255 1818 2262 1882; baseline -0.002 -18"><span class='ocrx_word' id='word_1_247' title='bbox 255 1829 408 1882; x_wconf 81' lang='lat' dir='ltr'><strong><em>potest,</em></strong></span> <span class='ocrx_word' id='word_1_248' title='bbox 441 1820 550 1861; x_wconf 83' lang='lat' dir='ltr'><strong><em>hanc</em></strong></span> <span class='ocrx_word' id='word_1_249' title='bbox 579 1819 702 1860; x_wconf 79' lang='lat' dir='ltr'><strong><em>fuisse</em></strong></span> <span class='ocrx_word' id='word_1_250' title='bbox 733 1818 1040 1858; x_wconf 87' lang='lat' dir='ltr'><strong><em>arbitrariarum</em></strong></span> <span class='ocrx_word' id='word_1_251' title='bbox 1070 1818 1152 1858; x_wconf 85' lang='lat' dir='ltr'><strong><em>vim</em></strong></span> <span class='ocrx_word' id='word_1_252' title='bbox 1185 1823 1226 1856; x_wconf 87' lang='lat' dir='ltr'><strong><em>et</em></strong></span> <span class='ocrx_word' id='word_1_253' title='bbox 1257 1824 1443 1857; x_wconf 83' lang='lat' dir='ltr'><strong><em>naturam</em></strong></span> <span class='ocrx_word' id='word_1_254' title='bbox 1472 1824 1514 1857; x_wconf 88' lang='lat' dir='ltr'><strong><em>et</em></strong></span> <span class='ocrx_word' id='word_1_255' title='bbox 1543 1818 1585 1857; x_wconf 86' lang='lat' dir='ltr'><strong><em>iu</em></strong></span> <span class='ocrx_word' id='word_1_256' title='bbox 1623 1818 1791 1872; x_wconf 82' lang='lat' dir='ltr'><strong><em>reliquis</em></strong></span> <span class='ocrx_word' id='word_1_257' title='bbox 1821 1833 1905 1858; x_wconf 90' lang='lat' dir='ltr'><strong><em>non</em></strong></span> <span class='ocrx_word' id='word_1_258' title='bbox 1938 1819 2049 1859; x_wconf 88' lang='lat' dir='ltr'><strong><em>idem</em></strong></span> <span class='ocrx_word' id='word_1_259' title='bbox 2080 1820 2262 1861; x_wconf 83' lang='lat' dir='ltr'><strong><em>valuisse.</em></strong></span> 
     </span>
     <span class='ocr_line' id='line_1_24' title="bbox 251 1893 2264 1953; baseline -0.001 -15"><span class='ocrx_word' id='word_1_260' title='bbox 251 1901 432 1953; x_wconf 81' lang='lat' dir='ltr'><strong><em>Propter</em></strong></span> <span class='ocrx_word' id='word_1_261' title='bbox 472 1893 858 1935; x_wconf 76' lang='lat' dir='ltr'><strong><em>condemnationem</em></strong></span> <span class='ocrx_word' id='word_1_262' title='bbox 923 1893 966 1933; x_wconf 90' lang='lat' dir='ltr'><strong><em>in</em></strong></span> <span class='ocrx_word' id='word_1_263' title='bbox 1015 1893 1234 1947; x_wconf 84' lang='lat' dir='ltr'><strong><em>pecuniam</em></strong></span> <span class='ocrx_word' id='word_1_264' title='bbox 1288 1898 1533 1947; x_wconf 85' lang='lat' dir='ltr'><strong><em>conceptam</em></strong></span> <span class='ocrx_word' id='word_1_265' title='bbox 1574 1893 1778 1934; x_wconf 79' lang='lat' dir='ltr'><strong><em>restitutio</em></strong></span> <span class='ocrx_word' id='word_1_266' title='bbox 1829 1900 1926 1935; x_wconf 86' lang='lat' dir='ltr'><strong><em>ante</em></strong></span> <span class='ocrx_word' id='word_1_267' title='bbox 1980 1894 2242 1936; x_wconf 86' lang='lat' dir='ltr'><strong><em>condemnati</em></strong></span> <span class='ocrx_word' id='word_1_268' title='bbox 2255 1919 2264 1926; x_wconf 87' lang='lat'><em>-</em></span> 
     </span>
     <span class='ocr_line' id='line_1_25' title="bbox 256 1965 2261 2020; baseline -0.003 -5"><span class='ocrx_word' id='word_1_269' title='bbox 256 1986 379 2015; x_wconf 90' lang='lat' dir='ltr'><strong><em>onem</em></strong></span> <span class='ocrx_word' id='word_1_270' title='bbox 409 1970 452 2011; x_wconf 85' lang='lat' dir='ltr'><strong><em>in</em></strong></span> <span class='ocrx_word' id='word_1_271' title='bbox 482 1968 569 2009; x_wconf 87' lang='lat' dir='ltr'><strong><em>aliis</em></strong></span> <span class='ocrx_word' id='word_1_272' title='bbox 601 1967 828 2008; x_wconf 86' lang='lat' dir='ltr'><strong><em>actionibus</em></strong></span> <span class='ocrx_word' id='word_1_273' title='bbox 860 1966 987 2007; x_wconf 85' lang='lat' dir='ltr'><strong><em>rarius</em></strong></span> <span class='ocrx_word' id='word_1_274' title='bbox 1017 1966 1207 2006; x_wconf 81' lang='lat' dir='ltr'><strong><em>adhibita</em></strong></span> <span class='ocrx_word' id='word_1_275' title='bbox 1238 1971 1299 2005; x_wconf 82' lang='lat' dir='ltr'><strong><em>est</em></strong></span> <span class='ocrx_word' id='word_1_276' title='bbox 1339 1965 1542 2020; x_wconf 86' lang='lat' dir='ltr'><strong><em>multique</em></strong></span> <span class='ocrx_word' id='word_1_277' title='bbox 1583 1967 1626 2007; x_wconf 87' lang='lat' dir='ltr'><strong><em>in</em></strong></span> <span class='ocrx_word' id='word_1_278' title='bbox 1666 1966 1778 2007; x_wconf 84' lang='lat' dir='ltr'><strong><em>hunc</em></strong></span> <span class='ocrx_word' id='word_1_279' title='bbox 1819 1981 1999 2008; x_wconf 87' lang='lat' dir='ltr'><strong><em>errorem</em></strong></span> <span class='ocrx_word' id='word_1_280' title='bbox 2040 1982 2083 2008; x_wconf 87' lang='lat' dir='ltr'><strong><em>se</em></strong></span> <span class='ocrx_word' id='word_1_281' title='bbox 2123 1969 2261 2010; x_wconf 88' lang='lat' dir='ltr'><strong><em>induci</em></strong></span> 
     </span>
     <span class='ocr_line' id='line_1_26' title="bbox 255 2039 2262 2106; baseline -0.001 -18"><span class='ocrx_word' id='word_1_282' title='bbox 255 2048 365 2106; x_wconf 84' lang='lat' dir='ltr'><strong><em>passi</em></strong></span> <span class='ocrx_word' id='word_1_283' title='bbox 395 2049 510 2094; x_wconf 85' lang='lat' dir='ltr'><strong><em>sunt,</em></strong></span> <span class='ocrx_word' id='word_1_284' title='bbox 560 2043 767 2083; x_wconf 87' lang='lat' dir='ltr'><strong><em>actionum</em></strong></span> <span class='ocrx_word' id='word_1_285' title='bbox 798 2040 1104 2083; x_wconf 87' lang='lat' dir='ltr'><strong><em>arbitrarianun</em></strong></span> <span class='ocrx_word' id='word_1_286' title='bbox 1156 2039 1199 2081; x_wconf 86' lang='lat' dir='ltr'><strong><em>id</em></strong></span> <span class='ocrx_word' id='word_1_287' title='bbox 1241 2040 1459 2095; x_wconf 86' lang='lat' dir='ltr'><strong><em>proprium</em></strong></span> <span class='ocrx_word' id='word_1_288' title='bbox 1494 2054 1600 2092; x_wconf 81' lang='lat' dir='ltr'><strong><em>esse,</em></strong></span> <span class='ocrx_word' id='word_1_289' title='bbox 1670 2043 1787 2096; x_wconf 83' lang='lat' dir='ltr'><strong><em>quod</em></strong></span> <span class='ocrx_word' id='word_1_290' title='bbox 1818 2043 2008 2083; x_wconf 83' lang='lat' dir='ltr'><strong><em>omnibus</em></strong></span> <span class='ocrx_word' id='word_1_291' title='bbox 2046 2056 2262 2085; x_wconf 80' lang='lat' dir='ltr'><strong><em>commuue</em></strong></span> 
     </span>
     <span class='ocr_line' id='line_1_27' title="bbox 259 2115 2263 2174; baseline -0.003 -11"><span class='ocrx_word' id='word_1_292' title='bbox 259 2128 358 2164; x_wconf 82' lang='lat' dir='ltr'><strong><em>erat.</em></strong></span> <span class='ocrx_word' id='word_1_293' title='bbox 420 2118 640 2174; x_wconf 74' lang='lat' dir='ltr'><strong><em>originem</em></strong></span> <span class='ocrx_word' id='word_1_294' title='bbox 672 2122 714 2157; x_wconf 85' lang='lat' dir='ltr'><strong><em>et</em></strong></span> <span class='ocrx_word' id='word_1_295' title='bbox 743 2123 932 2157; x_wconf 83' lang='lat' dir='ltr'><strong><em>naturam</em></strong></span> <span class='ocrx_word' id='word_1_296' title='bbox 962 2115 1266 2157; x_wconf 76' lang='lat' dir='ltr'><strong><em>arbitrariarum</em></strong></span> <span class='ocrx_word' id='word_1_297' title='bbox 1316 2129 1411 2154; x_wconf 89' lang='lat' dir='ltr'><strong><em>cum</em></strong></span> <span class='ocrx_word' id='word_1_298' title='bbox 1459 2116 1566 2155; x_wconf 82' lang='lat' dir='ltr'><strong><em>infra</em></strong></span> <span class='ocrx_word' id='word_1_299' title='bbox 1605 2117 1726 2157; x_wconf 81' lang='lat' dir='ltr'><strong><em>latius</em></strong></span> <span class='ocrx_word' id='word_1_300' title='bbox 1767 2132 2040 2173; x_wconf 83' lang='lat' dir='ltr'><strong><em>exponamus,</em></strong></span> <span class='ocrx_word' id='word_1_301' title='bbox 2072 2118 2142 2157; x_wconf 89' lang='lat' dir='ltr'><strong><em>hic</em></strong></span> <span class='ocrx_word' id='word_1_302' title='bbox 2172 2126 2263 2159; x_wconf 82' lang='lat' dir='ltr'><strong><em>tan,-</em></strong></span> 
     </span>
     <span class='ocr_line' id='line_1_28' title="bbox 258 2191 2262 2249; baseline -0.002 -10"><span class='ocrx_word' id='word_1_303' title='bbox 258 2206 349 2239; x_wconf 90' lang='lat' dir='ltr'><strong><em>tum</em></strong></span> <span class='ocrx_word' id='word_1_304' title='bbox 379 2207 618 2243; x_wconf 87' lang='lat' dir='ltr'><strong><em>monemus,</em></strong></span> <span class='ocrx_word' id='word_1_305' title='bbox 654 2193 822 2234; x_wconf 87' lang='lat' dir='ltr'><strong><em>omnino</em></strong></span> <span class='ocrx_word' id='word_1_306' title='bbox 844 2199 1059 2247; x_wconf 85' lang='lat' dir='ltr'><strong><em>usurpatas</em></strong></span> <span class='ocrx_word' id='word_1_307' title='bbox 1091 2205 1198 2242; x_wconf 64' lang='lat' dir='ltr'><strong><em>esse,</em></strong></span> <span class='ocrx_word' id='word_1_308' title='bbox 1229 2191 1262 2232; x_wconf 87' lang='lat' dir='ltr'><strong><em>si</em></strong></span> <span class='ocrx_word' id='word_1_309' title='bbox 1294 2197 1451 2231; x_wconf 81' lang='lat' dir='ltr'><strong><em>certum</em></strong></span> <span class='ocrx_word' id='word_1_310' title='bbox 1472 2192 1574 2245; x_wconf 89' lang='lat' dir='ltr'><strong><em>quid</em></strong></span> <span class='ocrx_word' id='word_1_311' title='bbox 1617 2194 1756 2234; x_wconf 87' lang='lat' dir='ltr'><strong><em>stricto</em></strong></span> <span class='ocrx_word' id='word_1_312' title='bbox 1787 2194 1874 2233; x_wconf 90' lang='lat' dir='ltr'><strong><em>iure</em></strong></span> <span class='ocrx_word' id='word_1_313' title='bbox 1896 2194 1983 2246; x_wconf 86' lang='lat' dir='ltr'><strong><em>peti</em></strong></span> <span class='ocrx_word' id='word_1_314' title='bbox 2014 2207 2097 2234; x_wconf 88' lang='lat' dir='ltr'><strong><em>non</em></strong></span> <span class='ocrx_word' id='word_1_315' title='bbox 2111 2202 2262 2249; x_wconf 85' lang='lat' dir='ltr'><strong><em>posset,</em></strong></span> 
     </span>
     <span class='ocr_line' id='line_1_29' title="bbox 261 2266 2261 2323; baseline -0.002 -8"><span class='ocrx_word' id='word_1_316' title='bbox 261 2275 334 2315; x_wconf 85' lang='lat' dir='ltr'><strong><em>ubi</em></strong></span> <span class='ocrx_word' id='word_1_317' title='bbox 364 2271 432 2313; x_wconf 83' lang='lat' dir='ltr'><strong><em>vel</em></strong></span> <span class='ocrx_word' id='word_1_318' title='bbox 462 2268 759 2311; x_wconf 85' lang='lat' dir='ltr'><strong><em>aestumatione</em></strong></span> <span class='ocrx_word' id='word_1_319' title='bbox 789 2268 857 2309; x_wconf 85' lang='lat' dir='ltr'><strong><em>vel</em></strong></span> <span class='ocrx_word' id='word_1_320' title='bbox 886 2266 1142 2309; x_wconf 85' lang='lat' dir='ltr'><strong><em>restitutione</em></strong></span> <span class='ocrx_word' id='word_1_321' title='bbox 1173 2280 1279 2323; x_wconf 84' lang='lat' dir='ltr'><strong><em>opus</em></strong></span> <span class='ocrx_word' id='word_1_322' title='bbox 1310 2274 1424 2310; x_wconf 84' lang='lat' dir='ltr'><strong><em>esset.</em></strong></span> <span class='ocrx_word' id='word_1_323' title='bbox 1487 2267 1607 2319; x_wconf 81' lang='lat' dir='ltr'><strong><em>Quae</em></strong></span> <span class='ocrx_word' id='word_1_324' title='bbox 1656 2268 1910 2311; x_wconf 88' lang='lat' dir='ltr'><strong><em>consuetudo</em></strong></span> <span class='ocrx_word' id='word_1_325' title='bbox 1971 2274 2066 2310; x_wconf 84' lang='lat' dir='ltr'><strong><em>ante</em></strong></span> <span class='ocrx_word' id='word_1_326' title='bbox 2105 2269 2261 2312; x_wconf 89' lang='lat' dir='ltr'><strong><em>conde-</em></strong></span> 
     </span>
     <span class='ocr_line' id='line_1_30' title="bbox 262 2334 2262 2400; baseline -0.001 -10"><span class='ocrx_word' id='word_1_327' title='bbox 262 2334 513 2391; x_wconf 81' lang='lat' dir='ltr'><strong><em>mnationem</em></strong></span> <span class='ocrx_word' id='word_1_328' title='bbox 543 2343 789 2386; x_wconf 85' lang='lat' dir='ltr'><strong><em>restituendi</em></strong></span> <span class='ocrx_word' id='word_1_329' title='bbox 818 2344 964 2385; x_wconf 87' lang='lat' dir='ltr'><strong><em>sensim</em></strong></span> <span class='ocrx_word' id='word_1_330' title='bbox 994 2343 1166 2385; x_wconf 82' lang='lat' dir='ltr'><strong><em>adduxit</em></strong></span> <span class='ocrx_word' id='word_1_331' title='bbox 1198 2357 1328 2395; x_wconf 83' lang='lat' dir='ltr'><strong><em>usum,</em></strong></span> <span class='ocrx_word' id='word_1_332' title='bbox 1359 2350 1406 2385; x_wconf 91' lang='lat' dir='ltr'><strong><em>ut</em></strong></span> <span class='ocrx_word' id='word_1_333' title='bbox 1434 2344 1561 2388; x_wconf 81' lang='lat' dir='ltr'><strong><em>iudex</em></strong></span> <span class='ocrx_word' id='word_1_334' title='bbox 1588 2345 1630 2386; x_wconf 90' lang='lat' dir='ltr'><strong><em>in</em></strong></span> <span class='ocrx_word' id='word_1_335' title='bbox 1661 2346 1850 2387; x_wconf 87' lang='lat' dir='ltr'><strong><em>omnibus</em></strong></span> <span class='ocrx_word' id='word_1_336' title='bbox 1890 2345 2047 2397; x_wconf 86' lang='lat' dir='ltr'><strong><em>caussis,</em></strong></span> <span class='ocrx_word' id='word_1_337' title='bbox 2081 2359 2187 2400; x_wconf 88' lang='lat' dir='ltr'><strong><em>quae</em></strong></span> <span class='ocrx_word' id='word_1_338' title='bbox 2220 2347 2262 2389; x_wconf 90' lang='lat' dir='ltr'><strong><em>in</em></strong></span> 
     </span>
     <span class='ocr_line' id='line_1_31' title="bbox 261 2417 2260 2477; baseline -0.002 -11"><span class='ocrx_word' id='word_1_339' title='bbox 261 2435 349 2466; x_wconf 86' lang='lat' dir='ltr'><strong><em>rem</em></strong></span> <span class='ocrx_word' id='word_1_340' title='bbox 382 2427 499 2463; x_wconf 89' lang='lat' dir='ltr'><strong><em>erant</em></strong></span> <span class='ocrx_word' id='word_1_341' title='bbox 534 2420 601 2461; x_wconf 85' lang='lat' dir='ltr'><strong><em>vel</em></strong></span> <span class='ocrx_word' id='word_1_342' title='bbox 631 2419 925 2461; x_wconf 86' lang='lat' dir='ltr'><strong><em>restituendam</em></strong></span> <span class='ocrx_word' id='word_1_343' title='bbox 955 2419 1024 2460; x_wconf 75' lang='lat' dir='ltr'><strong><em>vel</em></strong></span> <span class='ocrx_word' id='word_1_344' title='bbox 1055 2417 1352 2470; x_wconf 86' lang='lat' dir='ltr'><strong><em>exhibendam,</em></strong></span> <span class='ocrx_word' id='word_1_345' title='bbox 1413 2421 1668 2461; x_wconf 87' lang='lat' dir='ltr'><strong><em>restitutione</em></strong></span> <span class='ocrx_word' id='word_1_346' title='bbox 1698 2420 1826 2460; x_wconf 88' lang='lat' dir='ltr'><strong><em>actori</em></strong></span> <span class='ocrx_word' id='word_1_347' title='bbox 1857 2421 2090 2462; x_wconf 85' lang='lat' dir='ltr'><strong><em>satisfacere</em></strong></span> <span class='ocrx_word' id='word_1_348' title='bbox 2126 2422 2260 2477; x_wconf 90' lang='lat' dir='ltr'><strong><em>impe·-</em></strong></span> 
     </span>
     <span class='ocr_line' id='line_1_32' title="bbox 261 2493 2261 2553; baseline -0.001 -12"><span class='ocrx_word' id='word_1_349' title='bbox 261 2507 371 2541; x_wconf 84' lang='lat' dir='ltr'><strong><em>raret</em></strong></span> <span class='ocrx_word' id='word_1_350' title='bbox 399 2512 486 2548; x_wconf 83' lang='lat' dir='ltr'><strong><em>reo,</em></strong></span> <span class='ocrx_word' id='word_1_351' title='bbox 523 2494 596 2551; x_wconf 88' lang='lat' dir='ltr'><strong><em>qni</em></strong></span> <span class='ocrx_word' id='word_1_352' title='bbox 626 2495 661 2537; x_wconf 87' lang='lat' dir='ltr'><strong><em>si</em></strong></span> <span class='ocrx_word' id='word_1_353' title='bbox 687 2510 772 2537; x_wconf 91' lang='lat' dir='ltr'><strong><em>non</em></strong></span> <span class='ocrx_word' id='word_1_354' title='bbox 800 2500 978 2551; x_wconf 86' lang='lat' dir='ltr'><strong><em>pareret,</em></strong></span> <span class='ocrx_word' id='word_1_355' title='bbox 1018 2493 1268 2550; x_wconf 86' lang='lat' dir='ltr'><strong><em>sequebatur</em></strong></span> <span class='ocrx_word' id='word_1_356' title='bbox 1297 2494 1525 2548; x_wconf 86' lang='lat' dir='ltr'><strong><em>absolutio,</em></strong></span> <span class='ocrx_word' id='word_1_357' title='bbox 1563 2496 1624 2537; x_wconf 90' lang='lat' dir='ltr'><strong><em>sin</em></strong></span> <span class='ocrx_word' id='word_1_358' title='bbox 1655 2496 1797 2547; x_wconf 85' lang='lat' dir='ltr'><strong><em>minus,</em></strong></span> <span class='ocrx_word' id='word_1_359' title='bbox 1818 2496 2106 2538; x_wconf 79' lang='lat' dir='ltr'><strong><em>condemnatio</em></strong></span> <span class='ocrx_word' id='word_1_360' title='bbox 2125 2498 2168 2539; x_wconf 88' lang='lat' dir='ltr'><strong><em>in</em></strong></span> <span class='ocrx_word' id='word_1_361' title='bbox 2183 2511 2261 2553; x_wconf 88' lang='lat' dir='ltr'><strong><em>pe-</em></strong></span> 
     </span>
     <span class='ocr_line' id='line_1_33' title="bbox 262 2569 2263 2627; baseline -0.001 -12"><span class='ocrx_word' id='word_1_362' title='bbox 262 2573 437 2615; x_wconf 83' lang='lat' dir='ltr'><strong><em>cuniam.</em></strong></span> <span class='ocrx_word' id='word_1_363' title='bbox 497 2571 563 2611; x_wconf 85' lang='lat' dir='ltr'><strong><em>Ex</em></strong></span> <span class='ocrx_word' id='word_1_364' title='bbox 594 2584 646 2612; x_wconf 94' lang='lat' dir='ltr'><strong><em>eo</em></strong></span> <span class='ocrx_word' id='word_1_365' title='bbox 677 2571 816 2627; x_wconf 85' lang='lat' dir='ltr'><strong><em>igitur,</em></strong></span> <span class='ocrx_word' id='word_1_366' title='bbox 858 2570 976 2625; x_wconf 87' lang='lat' dir='ltr'><strong><em>quod</em></strong></span> <span class='ocrx_word' id='word_1_367' title='bbox 1001 2584 1127 2627; x_wconf 83' lang='lat' dir='ltr'><strong><em>saepe</em></strong></span> <span class='ocrx_word' id='word_1_368' title='bbox 1147 2569 1278 2611; x_wconf 82' lang='lat' dir='ltr'><strong><em>fiebat</em></strong></span> <span class='ocrx_word' id='word_1_369' title='bbox 1300 2570 1343 2610; x_wconf 91' lang='lat' dir='ltr'><strong><em>in</em></strong></span> <span class='ocrx_word' id='word_1_370' title='bbox 1360 2571 1556 2623; x_wconf 87' lang='lat' dir='ltr'><strong><em>arbitriis,</em></strong></span> <span class='ocrx_word' id='word_1_371' title='bbox 1596 2572 1741 2611; x_wconf 87' lang='lat' dir='ltr'><strong><em>sensim</em></strong></span> <span class='ocrx_word' id='word_1_372' title='bbox 1763 2572 1952 2627; x_wconf 87' lang='lat' dir='ltr'><strong><em>regulam</em></strong></span> <span class='ocrx_word' id='word_1_373' title='bbox 1969 2572 2198 2613; x_wconf 78' lang='lat' dir='ltr'><strong><em>fumarunt</em></strong></span> <span class='ocrx_word' id='word_1_374' title='bbox 2222 2581 2263 2613; x_wconf 83' lang='lat' dir='ltr'><strong><em>et</em></strong></span> 
     </span>
     <span class='ocr_line' id='line_1_34' title="bbox 262 2645 2260 2705; baseline -0.002 -13"><span class='ocrx_word' id='word_1_375' title='bbox 262 2661 465 2699; x_wconf 88' lang='lat' dir='ltr'><strong><em>normam,</em></strong></span> <span class='ocrx_word' id='word_1_376' title='bbox 497 2646 569 2702; x_wconf 83' lang='lat' dir='ltr'><strong><em>qui</em></strong></span> <span class='ocrx_word' id='word_1_377' title='bbox 588 2647 803 2705; x_wconf 83' lang='lat' dir='ltr'><strong><em>propriam</em></strong></span> <span class='ocrx_word' id='word_1_378' title='bbox 820 2646 904 2688; x_wconf 85' lang='lat' dir='ltr'><strong><em>vim</em></strong></span> <span class='ocrx_word' id='word_1_379' title='bbox 923 2645 1174 2703; x_wconf 82' lang='lat' dir='ltr'><strong><em>ignorarent,</em></strong></span> <span class='ocrx_word' id='word_1_380' title='bbox 1204 2659 1340 2701; x_wconf 88' lang='lat' dir='ltr'><strong><em>neque</em></strong></span> <span class='ocrx_word' id='word_1_381' title='bbox 1361 2646 1649 2704; x_wconf 87' lang='lat' dir='ltr'><strong><em>dignoscerent</em></strong></span> <span class='ocrx_word' id='word_1_382' title='bbox 1663 2647 1705 2689; x_wconf 90' lang='lat' dir='ltr'><strong><em>in</em></strong></span> <span class='ocrx_word' id='word_1_383' title='bbox 1724 2647 1906 2689; x_wconf 84' lang='lat' dir='ltr'><strong><em>sontibus</em></strong></span> <span class='ocrx_word' id='word_1_384' title='bbox 1921 2647 2134 2705; x_wconf 86' lang='lat' dir='ltr'><strong><em>propriam</em></strong></span> <span class='ocrx_word' id='word_1_385' title='bbox 2155 2647 2260 2689; x_wconf 86' lang='lat' dir='ltr'><strong><em>defi-</em></strong></span> 
     </span>
     <span class='ocr_line' id='line_1_35' title="bbox 264 2722 2261 2778; baseline -0.001 -13"><span class='ocrx_word' id='word_1_386' title='bbox 264 2726 460 2766; x_wconf 84' lang='lat' dir='ltr'><strong><em>nitionem</em></strong></span> <span class='ocrx_word' id='word_1_387' title='bbox 481 2723 506 2764; x_wconf 80' lang='lat'><strong><em>2⁸.</em></strong></span> <span class='ocrx_word' id='word_1_388' title='bbox 521 2736 554 2764; x_wconf 86' lang='lat' dir='ltr'><strong><em>e.</em></strong></span> <span class='ocrx_word' id='word_1_389' title='bbox 574 2736 630 2764; x_wconf 76' lang='lat' dir='ltr'><strong><em>ex</em></strong></span> <span class='ocrx_word' id='word_1_390' title='bbox 639 2722 823 2765; x_wconf 79' lang='lat' dir='ltr'><strong><em>arbitrio</em></strong></span> <span class='ocrx_word' id='word_1_391' title='bbox 833 2722 992 2763; x_wconf 80' lang='lat' dir='ltr'><strong><em>iudicis</em></strong></span> <span class='ocrx_word' id='word_1_392' title='bbox 997 2722 1240 2778; x_wconf 81' lang='lat' dir='ltr'><strong><em>pendentes</em></strong></span> <span class='ocrx_word' id='word_1_393' title='bbox 1256 2723 1309 2762; x_wconf 89' lang='lat' dir='ltr'><strong><em>ab</em></strong></span> <span class='ocrx_word' id='word_1_394' title='bbox 1332 2723 1390 2774; x_wconf 87' lang='lat' dir='ltr'><strong><em>iis,</em></strong></span> <span class='ocrx_word' id='word_1_395' title='bbox 1402 2736 1509 2778; x_wconf 88' lang='lat' dir='ltr'><strong><em>quae</em></strong></span> <span class='ocrx_word' id='word_1_396' title='bbox 1527 2729 1725 2778; x_wconf 87' lang='lat' dir='ltr'><strong><em>tanquam</em></strong></span> <span class='ocrx_word' id='word_1_397' title='bbox 1753 2724 1967 2766; x_wconf 83' lang='lat' dir='ltr'><strong><em>corollaria</em></strong></span> <span class='ocrx_word' id='word_1_398' title='bbox 1984 2722 2128 2764; x_wconf 80' lang='lat' dir='ltr'><strong><em>addita</em></strong></span> <span class='ocrx_word' id='word_1_399' title='bbox 2136 2731 2261 2764; x_wconf 85' lang='lat' dir='ltr'><strong><em>erant.</em></strong></span> 
     </span>
    </p>
   </div>
  </div>
 </body>
</html>
