2519 3077
1040 70 1428 125 2210-

242 196 428 247 ubitam
455 205 503 242 et
528 194 694 241 modos
732 183 1004 264 donationes
995 195 1262 251 ‘adquirendi
1302 209 1338 237 e.
1378 208 1412 237 c.
1449 194 1817 251 mancipationem,
1854 197 2118 243 traditionem
2154 204 2251 245 cett.

240 274 453 322 Cniacins
464 282 605 318 ntem
618 305 631 328 ,
661 261 915 330 quamquam
939 269 1156 315 munerum
1186 271 1244 314 ob
1274 275 1456 314 caussam
1486 262 1685 314 orandam
1715 278 1759 315 et
1780 274 1956 330 legitimi
1976 276 2151 318 aliarum
2168 278 2249 320 do—

239 355 455 398 nationum
486 352 604 395 modi
650 350 901 391 mentionem
930 350 1057 403 facit,
1083 349 1260 404 reliquas
1285 348 1452 406 tegulas
1511 348 1676 390 vide-tur
1729 350 1935 407 ignorare.
1983 352 2250 395 Recentiores

240 430 338 479 inde
368 444 397 475 a
423 426 622 484 Savignio
652 425 794 496 legem
822 425 866 467 in
897 426 982 468 duo
1014 426 1152 484 capita
1181 424 1265 467 sive
1308 425 1426 482 leges
1472 425 1731 495 discernunt,
1774 439 1953 480 quorum
1994 429 2106 483 prius
2147 433 2251 486 agat

238 508 296 551 de
325 505 560 549 muneribus
598 504 657 545 ob·
697 517 879 544 caussam
929 504 1153 555 orandam,
1193 502 1396 575 posterius
1445 491 1603 544 tractet·
1643 502 1884 546 donationes
1899 534 1912 556 ,
1965 518 2075 560 quae
2124 517 2249 561 supra

239 591 399 627 certum
441 579 614 621 modum
645 592 723 620 nec
753 578 843 620 dari
874 578 1055 621 debeant
1084 593 1161 620 nee
1191 571 1332 634 accipi.

360 652 509 700 lu'hoo
531 646 670 696 autem
689 668 825 697 rursus
844 655 1047 710 triplicem
1065 656 1171 713 legis
1189 669 1378 697 normam
1408 642 1636 712 agnoscunt
1666 655 1713 707 1,
1746 655 1801 698 de
1829 661 1943 698 certo
1966 655 2097 697 modo
2116 655 2248 698 dona-

235 737 396 778 tionum
416 732 521 787 (sive
552 722 802 784 quantitate)
822 730 850 770 2
867 760 879 783 ,
911 731 967 772 de
994 732 1179 786 personis
1197 718 1383 785 exceptis
1400 731 1451 784 3,
1483 731 1538 772 de
1557 731 1692 773 modis
1712 732 1953 773 donationes
1987 731 2248 785 adquirendi,

237 812 295 853 de
315 809 463 863 quibus
484 815 591 859 quae
607 806 793 846 statuerit
810 807 879 847 lex
892 807 983 860 ipsa
1001 807 1194 861 deinceps
1211 807 1392 847 breviter
1406 821 1612 861 exponere
1630 807 1731 847 mihi
1749 813 1809 847 est
1834 809 2104 861 propositum.
2135 808 2248 847 Ante

233 899 335 930 vero
366 893 500 938 pauca
534 880 743 923 monenda
772 887 866 923 sunt
897 881 952 924 de
986 882 1126 937 priore
1155 881 1276 924 huius
1315 882 1421 940 legis
1460 889 1602 938 parte,
1643 897 1769 938 quam
1811 883 1997 938 pluribus
2041 883 2248 937 explicare

233 967 420 1005 nostrum
449 972 535 1001 non
564 958 650 1010 est,
693 958 821 999 cuius
847 957 947 1000 facit
994 958 1244 1000 mentionem
1282 958 1372 1000 Liv.
1423 958 1624 1012 XXXIV,
1664 958 1696 1000 4
1736 959 1807 1001 ubi
1848 958 1956 1001 Cato
1998 959 2098 1000 dicit
2137 956 2248 1014 quid

235 1033 619 1095 legemcinciam
645 1034 703 1075 de
734 1033 861 1075 donis
892 1037 932 1075 et
958 1032 1228 1087 muneribus,
1259 1034 1346 1076 nisi
1376 1035 1480 1092 quia
1519 1034 1757 1092 vectigalis
1787 1035 1879 1077 ium
1910 1039 1953 1077 et
1995 1033 2244 1092 stipendia—

230 1115 306 1156 ria
334 1110 488 1169 plebes
517 1099 611 1152 esse
641 1111 814 1151 senatui
843 1115 1073 1167 coeperat,
1106 1123 1213 1164 quae
1242 1112 1370 1153 verba
1402 1113 1495 1154 satis
1526 1113 1742 1167 perspicue
1775 1112 1954 1163 docent,
1986 1124 2157 1152 munera
2184 1109 2242 1151 ob

232 1201 414 1232 massam
445 1187 644 1227 orandam
675 1201 700 1227 a
732 1186 876 1228 Cincio
906 1187 1033 1240 plane
1063 1200 1149 1228 esse
1178 1187 1361 1239 sublata,
1393 1201 1522 1242 quum
1550 1189 1673 1243 plebs
1704 1202 1729 1228 a
1758 1188 1941 1243 patronis
1969 1187 2242 1228 iniustissume

231 1268 490 1321 premeretur
522 1269 564 1303 et
603 1268 837 1314 vexaretur,
868 1262 925 1303 ita
956 1267 1003 1303 ut
1033 1263 1152 1303 Livio
1195 1269 1363 1304 auctore
1394 1249 1662 1318 optimatibus
1692 1264 1957 1319 stipendiaria
1989 1267 2093 1304 esset
2119 1261 2243 1302 facta.

234 1342 355 1394 Quae
386 1339 453 1380 lex
486 1351 614 1391 quum
643 1338 789 1392 paullo
824 1344 920 1392 post
951 1324 1242 1390 obsolevisset,
1258 1339 1435 1394 'saepius
1467 1346 1528 1381 est
1556 1341 1734 1395 repetita
1765 1346 1808 1380 et
1838 1341 1881 1381 in
1921 1339 2140 1380 hominum
2179 1350 2248 1377 re-

230 1423 377 1460 vocata
407 1416 668 1465 memoriam,
700 1414 880 1468 primum
911 1414 964 1454 ab
995 1414 1186 1469 Aug-usto
1227 1414 1279 1455 cf.
1321 1399 1534 1456 'Diocass
1572 1416 1697 1467 LIV,
1729 1429 1769 1468 p.
1798 1415 1927 1466 533„
1980 1420 2142 1455 secutus
2183 1417 2245 1452 est

235 1491 456 1541 Claudius,
494 1490 565 1542 qui
599 1490 707 1530 dena
739 1488 968 1529 sestertium
999 1489 1228 1529 oratoribus
1260 1504 1409 1543 capere
1442 1491 1637 1530 concessit
1676 1490 1790 1531 Suet.
1833 1489 1981 1530 Claud.
2031 1488 2101 1529 15.
2143 1487 2246 1539 Tac·

232 1570 338 1612 Ann.
374 1567 434 1609 XI
451 1599 462 1619 ,
494 1566 536 1608 6.
568 1566 622 1618 7.,
656 1571 780 1618 q'uem
804 1564 978 1606 modum
1005 1572 1251 1627 renovarunt
1270 1566 1381 1607 Nero
1397 1566 1531 1620 (Suet.
1562 1568 1713 1608 Neron.
1743 1566 1802 1608 Π
1832 1582 1926 1606 cnm
1958 1581 2126 1606 excursu
2144 1566 2245 1606 Ern.

229 1645 334 1687 Tac.
365 1643 470 1686 Anu.
501 1641 621 1694 Xlll,
663 1639 704 1682 5.
735 1639 818 1695 42)
849 1645 891 1681 et
906 1639 1109 1681 Traianus
1128 1639 1253 1695 (Plin.
1283 1641 1398 1696 epist.
1420 1641 1480 1694 V,
1511 1641 1553 1683 4.
1580 1640 1653 1684 14.
1681 1640 1786 1696 21),
1818 1642 1889 1695 qui
1916 1647 2010 1683 ante
2029 1646 2244 1697 peractam

232 1732 415 1761 caussam
456 1717 562 1758 illud
609 1729 754 1756 munus
794 1715 980 1768 accipere
1020 1729 1179 1755 summa
1217 1716 1431 1757 severitate
1471 1716 1697 1771 prohibuit.
1738 1717 1789 1757 cf.
1829 1716 2054 1758 Zimmemi
2095 1716 2246 1758 Roem.

230 1793 530 1850 Rechtsgesch.
572 1792 652 1843 ΙΙΙ,
682 1805 725 1845 p.
765 1790 868 1831 493.
938 1790 1166 1842 sequentes
1205 1791 1474 1845 imperatores
1518 1792 1573 1831 de
1614 1791 1681 1832 his
1720 1793 1954 1833 muneribus
1990 1803 2128 1845 neque
2167 1792 2248 1832 alia

231 1872 551 1919 constituerunt,
584 1880 719 1919 neque
748 1867 887 1921 legem
921 1873 1233 1928 conservarunt,
1263 1868 1321 1906 ita
1351 1874 1397 1906 ut
1428 1869 1496 1927 lex
1525 1861 1671 1906 nostra
1707 1874 1988 1916 evanesceret,
2026 1868 2142 1920 quod
2179 1868 2246 1907 di—

229 1947 285 1990 cit
315 1946 521 1989 Amobius
554 1944 646 1986 adv.
679 1948 824 1999 gentes
853 1942 915 1994 11,
948 1941 1009 1983 67
1040 1929 1106 1983 ed.
1140 1939 1271 1984 oren.
1303 1942 1417 1996 Lips.
1451 1942 1572 1984 1816
1616 1942 1738 1985 Nam
1768 1944 1808 1986 ει·
1847 1950 2021 1986 mutare
2071 1948 2245 1985 semen-

228 2023 342 2066 tiam
373 2022 510 2080 culpa
541 2025 607 2063 est
636 2019 734 2062 ulla
765 2018 834 2061 vel
866 2018 1031 2060 crimen
1062 2021 1102 2060 el
1136 2031 1168 2060 a
1200 2017 1416 2060 veteribus
1447 2019 1652 2061 institutis
1685 2020 1730 2061 in
1761 2021 1882 2063 alias
1907 2034 1981 2062 res
2011 2034 2149 2062 novas
2169 2034 2245 2062 vo-

228 2100 499 2155 luntatesque
537 2099 768 2155 migrare5
799 2094 1047 2136 criminatio
1079 2094 1167 2136 ista
1194 2098 1235 2135 el
1268 2108 1345 2137 vos
1366 2099 1655 2151 spectat..
1687 2096 1734 2138 in
1757 2096 2050 2153 potestatibus
2081 2095 2244 2137 obeun-

230 2175 302 2217 dis
334 2175 455 2232 leges
486 2174 677 2217 servatis
707 2167 962 2214 annarias?
992 2170 1038 2213 in
1087 2170 1236 2224 donis,
1276 2171 1322 2214 in
1361 2127 1613 2214 muneribus
1657 2169 1874 2214 Cincius?
1904 2172 1950 2212 in
1992 2171 2243 2215 cohibendis

231 2251 479 2308 sumptibus
514 2244 784 2293 Censorias?
814 2254 909 2290 cett.

355 2326 596 2368 Secundum
625 2339 723 2366 vero
756 2324 861 2381 legis
893 2331 1020 2382 caput
1050 2324 1211 2381 magnis
1241 2324 1370 2379 iisque
1406 2322 1676 2366 difficillumis
1707 2325 1953 2381 impeditum
1986 2330 2047 2366 est
2074 2332 2243 2368 contro-

228 2403 388 2455 versiis,
430 2417 531 2457 quas
564 2417 617 2443 ne
647 2399 764 2444 nimis
794 2400 915 2457 longi
945 2401 1080 2453 simus,
1101 2400 1363 2442 'adumbrare
1380 2400 1519 2455 potius
1550 2415 1675 2456 quam
1706 2401 1790 2442 late
1816 2401 2023 2457 explicare
2044 2402 2084 2442 in
2105 2409 2244 2443 mente

228 2478 391 2531 habeo,
432 2478 672 2535 praesertim
703 2490 797 2518 cum
826 2490 911 2517 non
937 2477 1112 2518 scribam
1138 2477 1252 2529 lctis,
1293 2475 1367 2517 sed
1396 2475 1646 2533 philologis,
1698 2490 1875 2532 quorum
1905 2476 2011 2517 haec
2040 2477 2143 2518 scire
2172 2477 2239 2519 in-

229 2560 374 2606 terest,
432 2560 475 2596 et
505 2554 713 2611 discipulis
744 2554 785 2596 in
813 2553 899 2595 iure
930 2552 1159 2595 tirocinium
1189 2552 1460 2610 ponentibus,
1499 2558 1547 2594 ut
1578 2559 1841 2605 consuescant
1866 2552 2001 2594 redire
2028 2553 2084 2594 ad
2114 2553 2242 2609 origi-

233 2644 331 2672 nem
362 2631 506 2686 legum
537 2637 755 2686 totamque
784 2630 879 2672 iuris
907 2630 1100 2686 persequi
1130 2629 1286 2670 seriem.
1348 2628 1476 2680 Quod
1495 2628 1664 2684 quidem
1693 2629 1876 2686 primum
1893 2629 2040 2671 attinet
2067 2629 2121 2670 ad
2153 2642 2244 2670 cer-

228 2713 318 2749 tum
350 2707 559 2762 quendam
589 2710 785 2760 modum,
817 2708 975 2764 duplex
1003 2706 1070 2747 via
1095 2712 1215 2762 patet
1244 2712 1360 2748 vetus
1390 2711 1433 2748 et
1461 2720 1621 2748 recens:
1664 2706 1740 2747 illa
1771 2712 1923 2759 autem,
1968 2720 2075 2761 quae
2109 2706 2245 2747 dona·
